2040 3048
239 82 303 137 28
690 96 753 137 M.
801 96 997 135 TULLII
1034 97 1348 137 CICERONIS
1629 86 1739 156 [Pars
1765 99 1800 137 1.

236 226 533 289 appellantur
567 229 696 286 boni,
735 229 816 290 qui
855 228 970 275 mihi
1008 242 1109 275 non
1151 229 1300 277 modo
1338 229 1679 291 praemiorum,
1718 228 1801 276 sed

235 323 296 356 ne
356 324 635 357 sermonum
694 309 890 371 quidem
953 325 1185 373 umquam
1248 310 1455 359 fructum
1514 310 1661 358 ullum
1723 319 1804 358 aut

234 391 436 453 gratiam
481 392 775 439 rettulerunt.
854 407 898 453 3.
953 391 1103 450 Quod
1151 393 1190 440 si
1238 393 1285 439 in
1334 407 1442 440 eam
1490 407 1569 439 me
1617 400 1802 456 partem

235 473 495 530 incitarem,
550 472 769 534 profecto
823 474 918 520 iam
966 473 1175 536 aliquam
1233 474 1491 537 reperirem
1550 473 1802 521 resistendi

235 554 389 601 viam:
426 569 556 603 nunc
591 569 787 617 prorsus
823 554 917 603 hoc
954 555 1108 613 statui,
1145 563 1210 613 ut,
1249 556 1480 617 quoniam
1515 563 1649 602 tanta
1685 569 1802 603 con-

233 636 460 683 troversia
492 644 563 683 est
594 635 909 695 Dicaearcho,
944 636 1159 684 familiari
1185 645 1283 695 tuo,
1307 652 1419 685 cum
1445 636 1802 699 Theophrasto,

234 718 392 764 amico
423 731 550 775 meo,
583 725 636 765 ut
668 717 743 765 ille
775 726 885 765 tuus
913 721 987 764 τὸν
1018 721 1246 779 πρακτικὸν
1272 720 1370 774 βίον
1399 718 1546 781 longe
1579 719 1804 766 omnibus

234 807 509 862 anteponat,
558 799 636 848 hic
678 808 840 848 autem
877 803 950 846 τὸν
985 802 1248 860 θεωρητικόν,
1294 801 1482 863 utrique
1517 816 1546 847 a
1580 815 1659 849 me
1695 796 1803 848 mds

232 889 397 942 gestus
429 896 534 929 esse
559 881 773 929 videatur
791 898 803 941 ;
842 890 959 944 puto
994 883 1124 929 enim
1159 897 1238 930 me
1274 881 1578 930 Dicaearcho
1606 881 1804 930 adfatim

234 964 345 1011 satis
381 963 566 1022 fecisse,
603 964 808 1026 respicio
845 979 975 1011 nunc
1011 965 1075 1012 ad
1103 963 1228 1012 hanc
1261 963 1504 1019 familiam,
1532 980 1655 1027 quae
1687 965 1804 1012 mihi

232 1060 333 1092 non
384 1045 549 1099 modo,
603 1054 655 1092 ut
707 1046 1019 1107 requiescam,
1069 1045 1310 1108 permittit,
1347 1046 1433 1093 sed
1482 1045 1803 1108 reprehendit,

233 1128 344 1191 quia
367 1142 469 1176 non
495 1143 685 1190 semper
709 1128 922 1190 quierim.
998 1127 1111 1187 Qua
1134 1143 1183 1176 re
1208 1128 1559 1186 incumbamus,
1585 1143 1616 1176 o
1642 1136 1805 1176 noster

234 1209 358 1268 Tite,
395 1210 458 1257 ad
493 1210 571 1257 illa
606 1211 850 1272 praeclara
886 1211 1042 1258 studia
1073 1218 1120 1258 et
1152 1225 1227 1269 eo,
1259 1211 1389 1258 unde
1426 1211 1672 1259 discedere
1703 1224 1804 1259 non

233 1293 456 1354 oportuit,
505 1292 764 1354 aliquando
818 1300 1119 1340 revertamur.
1209 1308 1252 1352 4.
1310 1292 1459 1351 Quod
1517 1292 1577 1340 de
1636 1292 1804 1353 Quinti

232 1374 386 1422 fratris
433 1374 636 1437 epistola
674 1374 854 1432 scribis,
898 1375 961 1422 ad
999 1390 1078 1422 me
1120 1390 1316 1437 quoque
1356 1375 1441 1422 fuit
1478 1377 1646 1436 πρόσθε
1682 1377 1802 1434 λέων,

233 1457 379 1504 ὄπιθεν
426 1459 471 1502 δὲ
516 1484 598 1506 -.
682 1455 815 1515 Quid
857 1457 1012 1504 dicam
1061 1457 1257 1505 nescio:
1306 1472 1422 1504 nam
1470 1457 1535 1505 ita
1590 1457 1804 1518 deplorat

233 1540 397 1603 primis
439 1539 652 1587 versibus
699 1540 1005 1587 mansionem
1053 1555 1206 1598 suam,
1248 1547 1300 1586 ut
1347 1539 1564 1601 quemvis
1610 1553 1804 1587 movere

233 1622 414 1684 possit;
451 1621 516 1669 ita
547 1636 709 1669 rursus
743 1621 949 1680 remittit,
981 1629 1034 1668 ut
1068 1636 1147 1668 me
1181 1629 1333 1683 roget,
1369 1629 1422 1668 ut
1458 1621 1654 1669 annales
1691 1636 1804 1670 suos

234 1704 489 1751 emendem
520 1712 567 1751 et
599 1705 755 1751 edam.
826 1703 951 1751 Illud
983 1711 1160 1769 tamen,
1202 1703 1335 1766 quod
1372 1704 1547 1757 scribit,
1586 1704 1803 1751 animad-

234 1794 387 1834 vertas
440 1786 594 1844 velim‚
651 1786 710 1833 de
760 1787 974 1848 portorio
1025 1771 1441 1833 circumvectionis
1459 1802 1472 1844 3
1523 1786 1589 1834 ait
1644 1801 1696 1834 se
1744 1786 1804 1834 de

234 1868 419 1916 consilii
466 1868 702 1916 sententia
748 1883 850 1915 rem
898 1868 960 1916 ad
1013 1876 1234 1916 senatum
1283 1868 1535 1915 reiecisse:
1583 1867 1803 1915 nondum

233 1950 449 1998 videlicet
484 1965 618 1997 meas
650 1950 824 1997 litteras
857 1950 1051 2011 legerat,
1087 1950 1262 2012 quibus
1288 1949 1349 1997 ad
1374 1965 1486 1997 eum
1510 1965 1560 1997 re
1585 1951 1805 1998 consulta

233 2039 279 2080 et
327 2032 572 2094 explorata
625 2032 964 2093 rescripseram
1015 2046 1115 2078 non
1163 2031 1342 2079 deberi.
1413 2030 1587 2090 Velim,
1636 2032 1675 2078 si
1722 2034 1804 2095 qui

234 2113 409 2183 Graeci
431 2113 527 2160 iam
553 2112 765 2160 Romam
790 2128 850 2160 ex
875 2113 991 2160 Asia
1019 2113 1078 2160 de
1112 2128 1169 2160 ea
1202 2127 1345 2159 causa
1369 2121 1614 2170 venerunt,
1640 2112 1802 2160 videas

231 2204 292 2253 et,
335 2196 374 2243 si
411 2195 495 2243 tibi
533 2195 780 2253 videbitur,
824 2196 879 2242 iis
917 2195 1233 2252 demonstres,
1275 2195 1394 2257 quid
1430 2209 1524 2257 ego
1561 2195 1621 2242 de
1659 2211 1716 2243 ea
1752 2211 1803 2243 re

232 2279 448 2327 sentiam.
534 2277 583 2324 Si
630 2293 830 2340 possum
879 2277 1137 2334 discedere,
1189 2292 1250 2325 ne
1310 2291 1454 2324 causa
1512 2277 1695 2339 optima
1752 2277 1803 2325 in

232 2369 400 2408 senatu
447 2369 623 2423 pereat,
674 2374 767 2422 ego
811 2360 923 2406 satis
966 2359 1140 2407 faciam
1187 2359 1469 2421 publicanis,
1507 2361 1543 2404 εἰ
1581 2362 1626 2404 δὲ
1662 2359 1803 2419 μή,-

231 2459 339 2490 vere
386 2450 546 2490 tecum
587 2441 874 2504 loquar—in
920 2441 1010 2489 hac
1034 2457 1085 2489 re
1125 2441 1254 2488 malo
1293 2441 1540 2488 universae
1574 2441 1720 2488 Asiae
1757 2450 1803 2490 et

231 2524 638 2587 negotiatoribus;
675 2539 790 2570 nam
825 2538 993 2571 eorum
1029 2539 1224 2586 quoque
1252 2522 1558 2570 vehementer
1593 2525 1800 2571 interest.

232 2606 346 2653 Hoc
370 2620 464 2667 ego
490 2606 643 2653 sentio
668 2606 805 2653 valde
829 2607 969 2652 nobis
996 2620 1122 2667 opus
1147 2620 1267 2653 esse.
1336 2604 1433 2652 Sed
1457 2612 1510 2652 tu
1533 2604 1582 2652 id
1606 2605 1801 2654 videbis.

231 2689 524 2748 Quaestores
557 2696 732 2744 autem,
765 2702 959 2749 quaeso,
994 2703 1111 2734 num
1143 2688 1283 2734 etiam
1319 2686 1378 2734 de
1404 2676 1682 2748 cistophoro
1716 2688 1802 2734 du-

231 2770 414 2817 bitant?
450 2783 563 2816 nam
589 2769 628 2816 si
653 2769 779 2816 aliud
804 2769 918 2815 nihil
943 2770 1042 2824 erit,
1069 2784 1180 2817 cum
1213 2769 1389 2816 erimus
1415 2769 1579 2816 omnia
1603 2769 1801 2831 experti,
