2040 3048
133 79 196 131 Ep.
223 66 292 136 9.]
545 74 727 115 EPIST.
769 73 851 112 AD
888 72 1162 112 ATTJCUM
1197 72 1260 111 H.
1307 75 1353 114 1.
1643 70 1708 127 25

133 205 284 256 facere
303 207 432 255 illum
449 205 565 253 mihi
581 221 728 269 quam
746 205 896 268 prosit
913 204 1078 252 nescio
1088 219 1101 262 ;
1124 202 1190 250 rei
1207 202 1429 265 publicae
1450 209 1576 249 certe
1595 216 1705 263 pro-

133 287 249 337 dest.
288 288 432 353 Quid,
449 288 497 346 si
524 289 667 336 etiam
689 287 963 344 Caesarem,
985 287 1118 334 cuius
1135 300 1264 332 nunc
1290 285 1417 331 venti
1443 283 1580 331 valde
1598 291 1709 331 sunt

131 370 341 428 secundi,
362 356 514 417 ieddo
532 369 795 428 meliorem,
814 384 931 416 num
951 375 1139 416 tantum
1166 367 1343 414 obsum
1369 366 1435 413 rei
1455 365 1707 428 publicae?

134 463 174 513 7.
200 451 332 511 Quin
367 451 525 511 etiam,
553 453 592 499 si
617 451 733 498 mihi
771 465 918 499 nemo
955 450 1203 507 invideret,
1240 449 1280 496 si
1317 463 1505 507 omnes,
1531 455 1584 495 ut
1608 456 1708 495 erat

130 548 353 596 aequum,
401 532 632 591 faverent,
682 541 846 581 tamen
906 547 1007 580 non
1056 532 1218 579 minus
1279 538 1407 578 esset
1455 530 1706 593 probanda

128 615 379 675 medicina,
405 629 530 678 quae
557 623 747 664 sanaret
780 615 975 663 vitiosas
1009 621 1170 676 partes
1205 612 1272 660 rei
1298 613 1534 675 publicae,
1560 627 1707 675 quam

128 713 250 761 quae
287 706 548 747 exsecaret.
619 696 767 746 Nunc
803 712 933 755 vero,
972 711 1084 744 cum
1134 695 1372 759 equitatus
1420 695 1511 753 ille,
1561 710 1706 758 quem

127 794 221 842 ego
245 779 294 827 in
313 779 435 828 clivo
461 778 738 843 Capitolino
761 788 807 828 te
832 770 1059 841 signifero
1081 793 1138 826 ac
1156 777 1374 840 principe
1402 777 1706 836 collocaram,

128 868 347 910 senatum
362 861 640 920 deseruerit,
658 861 811 910 nostri
831 869 991 910 autem
1008 859 1252 923 principes
1269 859 1420 922 digito
1448 874 1499 908 se
1519 859 1706 908 caelum

126 951 295 1019 putent
329 944 580 1007 attingere,
618 945 657 992 si
694 944 826 991 mulli
864 943 1050 991 barbati
1075 944 1127 990 in
1152 942 1352 1005 piscinis
1389 942 1496 1001 sint,
1525 943 1607 1006 qui
1645 943 1706 990 ad

127 1041 327 1074 manum
352 1026 601 1086 accedant,
630 1027 722 1106 alia
757 1033 919 1075 autem
955 1025 1231 1088 neglegant,
1269 1040 1435 1073 nonne
1471 1026 1555 1072 tibi
1593 1025 1707 1073 satis

127 1108 357 1172 prodesse
381 1109 561 1168 videor,
588 1110 626 1157 si
652 1091 852 1172 perficio
877 1116 929 1157 ut
954 1109 1111 1156 nolint
1147 1109 1322 1156 obesse
1359 1109 1441 1171 qui
1467 1108 1705 1171 possunt?

128 1193 171 1239 8.
209 1206 323 1239 nam
359 1190 598 1240 Catonem
631 1200 852 1240 nostrum
888 1206 991 1239 non
1024 1199 1077 1238 tu
1101 1206 1237 1239 amas
1262 1190 1370 1254 plus
1403 1206 1552 1254 quam
1578 1206 1703 1252 ego;

125 1273 212 1322 sed
236 1282 398 1321 tamen
421 1274 496 1322 ille
521 1275 710 1337 optimo
747 1275 910 1322 animo
947 1281 1089 1322 utens
1126 1282 1174 1321 et
1211 1289 1404 1322 summa
1440 1273 1535 1321 fide
1561 1281 1705 1321 nocet

124 1355 365 1404 interdum
399 1356 468 1404 rei
504 1356 756 1419 publicae:
807 1356 920 1404 dicit
953 1357 1085 1403 enim
1121 1363 1371 1419 tamquam
1407 1357 1458 1404 in
1492 1356 1705 1403 Platonis

123 1440 327 1497 πολιτείᾳ,
347 1453 450 1485 non
474 1445 726 1501 tamquam
745 1438 795 1485 in
816 1437 1015 1485 Romuli
1035 1438 1182 1497 faece,
1204 1439 1507 1487 sententiam.
1573 1438 1706 1498 Quid

125 1520 279 1568 verius
304 1534 452 1583 quam
488 1520 539 1567 in
575 1520 805 1568 iudicium
835 1521 997 1569 venire
1035 1522 1116 1584 qui
1154 1522 1219 1569 ob
1256 1538 1359 1569 rem
1396 1521 1705 1569 iudicandam

122 1602 379 1664 pecuniam
403 1603 675 1665 acceperit?
712 1603 898 1651 censuit
933 1602 1028 1652 hoc
1055 1602 1194 1662 Cat0‚
1233 1604 1445 1652 adsensit
1482 1611 1703 1652 senatus:

123 1684 305 1747 equites
331 1683 488 1732 curiae
506 1684 700 1742 bellum,
723 1699 826 1732 non
851 1685 996 1745 mihi3
1034 1701 1149 1733 nam
1168 1701 1263 1748 ego
1290 1685 1507 1734 dissensi.
1572 1684 1703 1743 Quid

122 1766 447 1829 impudentius
481 1766 752 1830 publicanis
782 1768 1201 1816 renuntiantibus?
1249 1768 1336 1816 fuit
1374 1777 1535 1816 tamen
1562 1769 1703 1814 retin-

122 1848 234 1896 endi
271 1848 454 1897 ordinis
496 1864 643 1898 causa
686 1849 914 1898 faciunda
952 1851 1164 1899 iactura:
1208 1851 1380 1899 restitit
1417 1859 1464 1898 et
1507 1851 1704 1913 pervicit

124 1929 278 1990 Cat03
329 1931 490 1994 itaque
533 1947 677 1990 nunc,
728 1932 928 1980 consule
976 1933 1027 1980 in
1066 1949 1259 1982 carcere
1305 1933 1506 1991 incluso,
1556 1948 1702 1995 saepe

123 2014 237 2060 item
270 2012 508 2061 seditione
548 2022 810 2073 commota,
844 2015 1069 2077 aspiravit
1101 2030 1249 2063 nemo
1284 2031 1466 2074 eorum,
1495 2030 1700 2078 quorum

124 2110 218 2158 ego
256 2110 499 2143 concursu
539 2096 751 2158 itemque
782 2097 815 2143 ii
853 2098 1094 2157 consules,
1130 2099 1213 2161 qui
1246 2107 1357 2160 post
1389 2114 1468 2145 me
1498 2097 1701 2156 fuerunt,

124 2192 225 2225 rem
271 2178 518 2240 publicam
569 2178 828 2226 defendere
878 2179 1111 2228 solebant.
1184 2179 1315 2240 Quid
1365 2182 1517 2243 ergo?
1571 2182 1703 2239 istos,

125 2259 325 2323 inquies,
362 2260 586 2308 mercede
622 2261 893 2309 conductos
930 2262 1251 2310 habebimus?
1302 2264 1418 2327 quid
1455 2262 1703 2321 faciemus,

126 2342 165 2390 si
198 2341 331 2390 aliter
365 2357 466 2390 non
502 2344 801 2405 possumus?
839 2359 901 2392 an
932 2344 1161 2392 libertinis
1199 2353 1344 2407 atque
1375 2346 1520 2393 etiam
1558 2346 1704 2393 servis

127 2423 419 2472 serviamus?
493 2424 603 2483 Sed,
646 2432 699 2473 ut
738 2433 788 2473 tu
837 2426 921 2484 ais,
962 2429 1058 2474 ἅλις
1100 2430 1304 2485 σπουδῆς.
1377 2445 1421 2489 9.
1460 2427 1703 2476 Favonius

126 2521 283 2553 meam
307 2506 483 2553 tribum
507 2507 611 2555 tulit
634 2507 884 2555 honestius
909 2523 1059 2571 quam
1085 2524 1240 2568 suam,
1258 2508 1454 2557 Lucceii
1481 2511 1702 2573 perdidit.

126 2587 380 2635 Accusavit
409 2587 638 2637 Nasicam
675 2589 892 2649 honeste,
929 2606 986 2638 ac
1022 2591 1224 2638 moleste
1262 2600 1426 2639 tamen
1465 2592 1596 2651 dixit,
1639 2594 1703 2640 ita

125 2676 176 2715 ut
217 2667 378 2715 Rhodi
420 2669 655 2718 videretur
692 2664 834 2719 molis
873 2673 1033 2734 potius
1074 2689 1220 2736 quarn
1267 2673 1457 2721 Moloni
1499 2689 1699 2737 operam

126 2749 347 2811 dedisse3
406 2751 538 2811 mihi,
593 2754 726 2817 quod
787 2754 1130 2816 defendissem,
1186 2757 1348 2807 leviter
1408 2747 1698 2807 succensuit.
