2040 3048
351 89 416 144 52
493 89 557 130 M.
598 88 796 128 TULLII
831 89 1141 130 CICERONIS
1176 89 1267 128 ΕΡ.
1306 87 1399 131 AD.
1438 88 1572 130 ATT.
1611 90 1701 129 III.
1742 92 1827 147 23.

351 234 523 268 omnes
549 221 597 268 in
631 219 912 283 abrogando
942 226 1190 268 uterentur.
1261 219 1329 268 Ut
1359 219 1595 268 Ninnium
1627 228 1709 267 aut
1740 228 1925 268 ceteros

352 301 527 365 fugerit
561 302 816 364 investiges
852 302 994 349 velim
1029 311 1076 349 et
1111 302 1219 364 quis
1254 302 1459 349 attulerit
1494 310 1541 349 et
1582 316 1678 365 qua
1717 317 1770 349 re
1809 310 1926 350 octo

352 383 526 430 tribuni
565 382 627 444 pl.
664 383 729 430 ad
766 391 987 430 senatum
1026 383 1086 430 de
1127 397 1206 430 me
1245 382 1419 431 referre
1457 398 1558 431 non
1599 382 1924 430 dubitarint—

354 464 532 513 scilicet
568 464 702 527 quod
738 464 1095 512 observandum
1131 464 1247 512 illud
1283 451 1427 528 caput
1468 480 1570 512 non
1610 466 1927 527 putabant—,

354 546 499 594 iidem
538 546 588 592 in
625 547 908 608 abrogando
947 556 1047 594 tam
1083 546 1218 613 cauti,
1244 545 1432 604 fuerint,
1469 554 1521 593 ut
1557 546 1607 594 id
1644 555 1926 603 metuerent,

355 627 496 674 soluti
521 642 633 676 cum
657 636 830 686 essent,
856 629 990 691 quod
1021 644 1084 676 ne
1117 628 1174 676 iis
1206 627 1416 691 quidem,
1444 628 1525 691 qui
1560 627 1669 690 lege
1691 636 1926 685 tenentur,

352 716 424 755 est
453 707 733 756 curandum.
805 708 865 756 Id
901 717 1047 772 caput
1082 724 1199 757 sane
1235 709 1387 756 nolim
1423 723 1577 757 novos
1613 710 1831 758 tribunos
1863 709 1928 772 pl.

353 787 487 848 ferre,
527 790 613 838 sed
659 789 902 852 perferant
948 791 1100 839 modo
1148 790 1422 853 quidlubet:
1470 805 1571 838 uno
1614 793 1786 854 capite,
1826 806 1926 853 quo

352 873 628 931 revocabor,
675 873 826 920 modo
875 888 951 921 res
999 872 1293 930 conficiatur,
1337 887 1421 921 ero
1467 882 1734 922 contentus.
1821 873 1926 922 Iam

354 953 538 1001 dudum
562 953 713 1017 pudet
736 963 836 1002 tam
859 954 1010 1002 multa
1033 955 1243 1003 scribere
1256 970 1269 1013 3
1307 969 1474 1002 vereor
1498 955 1628 1002 enim
1653 971 1715 1003 ne
1744 971 1795 1003 re
1829 956 1926 1004 iam

354 1034 607 1097 desperata
629 1035 777 1098 legas,
792 1045 845 1084 ut
868 1036 986 1084 haec
1010 1051 1121 1084 mea
1139 1036 1385 1099 diligentia
1403 1037 1685 1084 miserabilis
1702 1037 1802 1095 tibi,
1822 1038 1930 1085 aliis

354 1110 593 1164 irridenda
615 1117 845 1165 videatur.
924 1117 1022 1166 Sed
1046 1117 1086 1165 si
1108 1127 1182 1167 est
1205 1117 1386 1180 aliquid
1408 1118 1458 1165 in
1489 1132 1589 1180 spe,
1615 1119 1725 1166 vide
1757 1119 1930 1181 legem,

354 1212 501 1260 quam
525 1198 590 1246 T.
611 1198 764 1247 Fadio
790 1199 977 1262 scripsit
1001 1198 1255 1247 Visellius:
1286 1215 1345 1247 ea
1368 1199 1487 1246 mihi
1511 1199 1756 1262 perplacet
1769 1216 1783 1260 ;
1817 1216 1932 1249 nam

357 1279 496 1329 Sestii
520 1280 686 1337 nostri,
713 1295 859 1344 quam
883 1289 935 1328 tu
958 1282 1044 1330 tibi
1068 1282 1261 1344 probari
1287 1281 1467 1338 scribis,
1494 1280 1611 1328 mihi
1634 1296 1737 1329 non
1761 1282 1930 1344 placet.

358 1372 402 1420 5.
441 1360 606 1409 Tertia
638 1370 711 1410 est
747 1362 951 1423 epistola
982 1362 1135 1424 pridie
1167 1362 1286 1410 Idus
1318 1361 1581 1410 Novembr.
1605 1362 1727 1420 data,
1754 1364 1805 1411 in
1838 1380 1934 1428 qua

356 1443 563 1504 exponis
587 1443 846 1506 prudenter
870 1452 917 1492 et
942 1444 1207 1506 diligenter,
1233 1459 1358 1506 quae
1389 1445 1483 1492 sint
1506 1460 1631 1507 quae
1662 1460 1765 1493 rem
1800 1446 1932 1494 disti-

357 1540 469 1572 nere
504 1525 768 1579 videantur,
804 1526 864 1574 de
902 1525 1095 1584 Crass0,
1131 1526 1191 1574 de
1227 1525 1478 1589 Pompeio,
1502 1526 1564 1574 de
1599 1527 1800 1575 ceteris:
1838 1545 1935 1592 qua

358 1621 407 1653 re
446 1620 535 1653 oro
575 1615 622 1654 te
663 1616 727 1666 ut,
767 1608 806 1655 si
849 1623 945 1671 qua
986 1623 1097 1670 spes
1137 1608 1237 1665 erit,
1274 1622 1420 1670 posse
1464 1608 1633 1656 studiis
1675 1609 1933 1669 bonorum,

357 1687 651 1745 auctoritate,
668 1689 970 1736 multitudine
991 1697 1282 1751 comparata,
1302 1704 1406 1737 rem
1425 1690 1614 1749 confici,
1632 1691 1717 1739 des
1735 1707 1935 1755 operam

357 1777 410 1817 ut
443 1784 542 1817 uno
574 1769 755 1832 impetu
789 1770 1124 1833 perfringatur,
1157 1772 1207 1817 in
1240 1787 1348 1819 eam
1381 1788 1484 1820 rem
1520 1773 1774 1821 incumbas
1810 1782 1936 1822 cete-

359 1866 537 1913 rosque
562 1852 770 1912 excites;
807 1853 896 1912 sin,
917 1862 969 1900 ut
994 1868 1089 1915 ego
1115 1854 1356 1916 perspicio
1383 1870 1496 1902 cum
1528 1864 1610 1902 tua
1645 1856 1934 1913 coniectura,

359 1942 462 1980 tum
494 1933 640 1980 etiam
668 1948 791 1992 mea,
819 1934 922 1997 spei
954 1934 1071 1981 nihil
1103 1943 1189 1992 est,
1214 1950 1306 1984 oro
1341 1936 1651 1999 obtestorque
1688 1945 1748 1995 te,
1783 1946 1835 1985 ut
1871 1936 1934 1997 Q.

362 2014 558 2061 fratrem
599 2029 744 2073 ames,
783 2031 928 2078 quem
965 2031 1059 2078 ego
1096 2017 1326 2065 miserum
1362 2018 1537 2066 misere
1578 2018 1779 2081 perdidi,
1817 2034 1938 2067 neve

361 2095 477 2159 quid
501 2110 614 2143 eum
638 2096 818 2158 patiare
843 2097 1033 2158 gravius
1064 2099 1316 2147 consulere
1350 2100 1410 2148 de
1440 2115 1507 2158 se,
1534 2115 1680 2163 quam
1713 2100 1939 2163 expediat

364 2177 542 2225 sororis
587 2185 696 2225 tuae
745 2177 857 2235 filio,
905 2193 1071 2226 meum
1120 2178 1427 2238 Ciceronem,
1464 2182 1540 2229 cui
1587 2181 1703 2228 nihil
1749 2182 1938 2229 misello

361 2258 582 2321 relinquo
607 2266 817 2320 ,praeter
857 2259 1084 2307 invidiam
1131 2269 1179 2307 et
1219 2262 1538 2324 ignominiam
1578 2263 1788 2312 nominis
1827 2266 1937 2323 mei,

362 2349 539 2397 tueare,
575 2340 738 2402 quoad
772 2340 966 2403 poteris,
995 2340 1289 2400 Terentiam,
1316 2358 1464 2390 unam
1498 2344 1717 2392 omnium
1749 2326 1938 2393 aerum-

367 2422 693 2482 nosissimam,
716 2431 953 2471 sustentes
977 2414 1069 2471 tuis
1094 2424 1275 2472 officiis.
1349 2425 1459 2486 Ego
1482 2425 1531 2472 in
1556 2425 1759 2488 Epirum
1791 2428 1939 2489 profi-

365 2503 528 2561 ciscar,
545 2518 657 2552 cum
677 2505 943 2567 primorum
968 2504 1152 2552 dierum
1176 2506 1371 2553 nuntios
1396 2522 1634 2568 excepero
1654 2522 1664 2553 z
1698 2515 1749 2554 tu
1776 2508 1838 2555 ad
1862 2523 1941 2556 me

366 2585 506 2631 velim
542 2586 774 2646 proximis
810 2586 987 2642 litteris,
1025 2595 1077 2632 ut
1119 2601 1172 2634 se
1213 2587 1346 2635 initia
1389 2587 1623 2647 dederint,
1658 2589 1939 2650 perscribas.

366 2666 495 2714 Data
518 2667 670 2729 pridie
696 2667 804 2715 Kal.
832 2667 1087 2716 Decembr.
