2040 3048
292 98 392 139 110
750 95 815 136 M.
859 95 1058 135 TULLII
1094 94 1404 135 CICERONIS
1665 78 1779 156 [Pars
1804 95 1858 137 11.

666 294 742 339 38.
817 291 909 339 AD
945 291 1269 340 ATTICUM
1306 292 1395 341 VI.
1435 307 1481 342 2.

387 387 494 437 Son.
532 386 815 435 LAODICEAE
851 401 1063 435 INEUNTE
1099 401 1254 436 MENSE
1290 386 1432 436 MAro
1469 401 1606 436 A.u.c.
1645 398 1759 450 704.

814 490 984 524 crcERo
1020 490 1195 525 AT'rrco
1231 491 1336 525 SAL.

357 588 394 619 1.
436 570 551 620 CUM
568 571 870 634 Philogenes,
897 571 1091 619 libertus
1107 579 1230 630 tuus,
1249 571 1544 621 Laodiceam
1562 573 1718 621 adme
1734 573 1852 622 salu·

284 653 416 701 tandi
451 667 597 701 causa
629 653 838 701 venisset
871 660 917 701 et
950 667 1001 700 se
1022 653 1181 700 statim
1214 653 1274 700 ad
1308 660 1355 701 te
1385 655 1720 716 navigaturum
1752 670 1859 703 esse

283 734 476 792 diceret,
502 733 590 782 has
625 734 670 782 ei
705 733 883 781 litteras
908 733 1031 791 dedi,
1059 733 1231 795 quibus
1268 734 1331 782 ad
1355 750 1439 782 eas
1474 736 1709 798 rescripsi,
1737 751 1858 798 quas

282 830 566 878 acceperam
615 831 644 863 a
684 813 819 863 Bruti
866 815 1111 863 tabellario
1130 831 1143 874 3
1198 824 1244 864 et
1291 817 1601 878 respondebo
1647 818 1858 879 primum

282 905 555 959 postremae
579 903 690 943 tuae
715 895 936 957 paginae,
962 910 1085 958 quae
1110 895 1227 943 mihi
1252 912 1459 959 magnae
1483 897 1733 946 molestiae
1758 898 1859 957 fuit,

282 977 416 1040 quod
449 978 511 1025 ad
545 985 593 1024 te
629 977 861 1039 scriptum
896 985 969 1024 est
1004 992 1034 1024 a
1067 977 1240 1026 Cincio
1276 978 1337 1025 de
1375 977 1511 1026 Statii
1546 994 1784 1038 sermone,
1809 981 1861 1028 in

282 1074 380 1122 quo
407 1059 502 1106 hoc
530 1057 926 1105 molestissimum
960 1066 1046 1115 est,
1079 1057 1283 1106 Statium
1317 1059 1477 1107 dicere
1502 1075 1531 1107 a
1554 1075 1634 1108 me
1665 1075 1859 1125 quoque

282 1142 332 1189 id
358 1141 612 1189 consilium
637 1140 845 1202 probari.
915 1139 1134 1188 Probari
1162 1142 1361 1189 autem?
1399 1142 1458 1190 de
1485 1143 1579 1190 isto
1610 1143 1855 1193 hactenus.

282 1222 499 1270 Dixerim
533 1237 611 1269 me
647 1221 721 1268 vel
756 1221 961 1284 plurima
993 1222 1148 1270 vincla
1183 1231 1345 1270 tecum
1376 1238 1595 1272 summae
1630 1226 1860 1274 coniunc-

283 1305 427 1351 tionis
453 1311 635 1365 optare,
662 1303 750 1350 etsi
775 1311 883 1350 sunt
915 1305 1093 1353 amoris
1118 1305 1356 1352 artissima
1371 1321 1385 1365 ;
1423 1313 1609 1353 tantum
1635 1308 1781 1365 abest,
1807 1316 1858 1356 ut

283 1401 377 1448 ego
412 1401 472 1433 ex
509 1399 584 1443 eo,
618 1399 717 1447 quo
754 1385 931 1433 astricti
967 1401 1148 1445 sumus,
1187 1387 1335 1434 laxari
1371 1387 1550 1449 aliquid
1585 1388 1740 1438 velim.
1816 1406 1840 1437 2

282 1467 425 1516 Illum
473 1474 634 1515 autem
669 1465 820 1518 multa
854 1465 915 1513 de
949 1467 1050 1515 istis
1090 1467 1233 1515 rebus
1268 1468 1484 1531 asperius
1532 1468 1686 1516 solere
1727 1469 1859 1532 loqui

283 1564 426 1611 saepe
452 1563 560 1596 sum
584 1555 823 1610 expertus,
850 1563 995 1611 saepe
1020 1550 1164 1597 etiam
1189 1549 1329 1596 lenivi
1353 1550 1527 1597 iratum
1551 1568 1561 1598 :
1600 1550 1650 1597 id
1676 1552 1797 1600 scire
1813 1562 1859 1600 te

284 1630 514 1688 arbitror;
565 1629 615 1676 in
657 1629 748 1677 hac
787 1637 948 1677 autem
990 1630 1376 1692 peregrinatione
1423 1631 1645 1680 militiave
1694 1641 1860 1682 nostra

286 1726 430 1773 saepe
486 1712 740 1758 incensum
796 1711 866 1758 ira
912 1711 1023 1770 vidi,
1073 1727 1218 1774 saepe
1265 1712 1520 1774 placatum.
1618 1713 1751 1773 Quid
1796 1717 1860 1764 ad

287 1793 489 1840 Statium
531 1791 786 1854 scripserit,
826 1792 1023 1840 nescio:
1075 1793 1306 1856 quicquid
1351 1801 1543 1842 acturus
1587 1794 1647 1842 de
1689 1795 1771 1842 tali
1808 1811 1859 1843 re

286 1875 385 1932 suit,
402 1872 709 1922 scribendum
734 1880 898 1920 tamen
923 1873 985 1921 ad
1009 1873 1230 1921 libertum
1256 1889 1359 1922 non
1382 1875 1481 1924 fuit.
1553 1875 1674 1923 Mihi
1699 1885 1858 1925 autem

284 1956 370 2003 erit
404 1955 644 2002 maximae
681 1969 838 2011 curae,
875 1969 937 2001 ne
973 1954 1090 2017 quid
1132 1955 1215 2003 fiat
1255 1971 1409 2014 secus,
1453 1971 1600 2019 quam
1638 1957 1858 2004 volumus

285 2052 528 2101 quamque
553 2044 744 2099 oportet
758 2051 771 2095 ;
809 2051 899 2084 nec
925 2038 1038 2085 satis
1072 2045 1146 2105 est
1177 2039 1228 2085 in
1253 2039 1356 2086 eius
1380 2039 1514 2086 modi
1538 2055 1589 2086 re
1614 2054 1665 2086 se
1690 2054 1858 2101 quem-

283 2136 377 2183 que
401 2126 656 2182 praestare,
682 2133 739 2166 ac
765 2119 1006 2166 maximae
1039 2127 1199 2180 partes
1237 2119 1371 2167 istius
1408 2120 1551 2168 officii
1583 2129 1694 2168 sunt
1722 2122 1857 2182 pueri

283 2201 534 2250 Ciceronis
559 2201 655 2248 sive
680 2200 776 2247 iam
802 2199 1150 2259 adulescentis3
1186 2201 1321 2263 quod
1344 2201 1542 2263 quidem
1565 2202 1698 2250 illum
1723 2203 1857 2251 soleo

285 2284 476 2332 hortari.
549 2283 624 2330 Ac
655 2281 772 2328 mihi
802 2282 986 2329 videtur
1017 2290 1221 2329 matrem
1254 2282 1404 2340 valde,
1429 2291 1482 2330 ut
1513 2283 1670 2342 debet,
1696 2300 1858 2334 amare

286 2373 428 2426 teque
476 2364 687 2412 mirifice.
763 2363 859 2411 Sed
903 2371 976 2411 est
1013 2378 1246 2425 magnum
1287 2364 1402 2411 illud
1442 2365 1653 2427 quidem,
1693 2381 1856 2414 verum

285 2455 447 2493 tamen
485 2445 731 2508 multiplex
781 2445 916 2507 pueri
954 2445 1216 2505 ingenium,
1264 2446 1315 2492 z'n
1361 2460 1461 2507 quo
1508 2461 1600 2508 ego
1642 2448 1857 2509 regendo

283 2529 439 2576 habeo
455 2529 635 2591 negotii
662 2528 789 2575 satis.
845 2542 890 2587 3.
929 2526 1176 2586 Quoniam
1195 2528 1423 2590 respondi
1447 2537 1719 2591 postremae
1745 2538 1854 2578 tuae

285 2612 491 2675 paginae
538 2612 695 2673 prima
745 2625 867 2667 mea,
917 2624 1047 2656 nunc
1095 2609 1157 2656 ad
1204 2611 1410 2671 primam
1460 2619 1666 2658 revertar
1711 2620 1854 2661 tuam.

286 2692 668 2754 Peloponnesias
712 2693 923 2740 civitates
965 2706 1135 2739 omnes
1183 2691 1447 2739 maritimas
1486 2708 1607 2749 esse,
1647 2693 1854 2742 hominis

283 2788 385 2820 non
425 2788 651 2836 nequam,
691 2774 775 2821 sed
818 2775 961 2821 etiam
999 2781 1083 2822 tuo
1120 2774 1295 2822 iudicio
1332 2775 1535 2836 probati,
1572 2774 1854 2822 Dicaearchi
