2040 3048
271 72 337 123 88
729 85 790 124 M.
838 84 1042 123 TULLII
1079 84 1392 124 CICERONIS
1649 74 1762 143 [Pars
1788 87 1840 126 11.

264 208 403 270 *quod
438 208 540 258 sine
574 207 679 270 lege
714 207 894 254 curiata
934 208 1016 255 tibi
1051 209 1334 256 succedatur
1352 225 1364 268 ;
1406 217 1514 256 sunt
1551 210 1709 268 etiam,
1746 209 1841 271 qui,

271 291 308 336 si
354 279 577 347 decedas,
623 305 650 336 a
700 298 744 335 te
784 288 986 351 relinqui
1026 304 1170 351 posse
1212 291 1292 353 qui
1331 291 1605 352 provinciae
1653 292 1843 353 praesit.

273 371 394 418 Mihi
439 386 539 418 non
583 379 682 418 tam
720 370 779 417 de
823 371 922 417 iure
973 380 1155 418 certum
1204 380 1641 435 est—quamquam
1689 388 1751 420 ne
1796 372 1845 419 id

272 454 467 516 quidem
496 453 631 500 valde
659 452 857 499 dubium
885 461 1170 516 est—quam
1197 454 1323 511 illud,
1351 455 1411 502 ad
1442 464 1573 503 tuam
1605 469 1844 502 summam

272 534 652 598 amplitudinem,
692 534 990 596 dignitatem,
1026 536 1304 594 libertatem,
1343 552 1438 599 qua
1474 546 1520 585 te
1557 538 1658 584 scio
1693 537 1843 584 liben-

275 617 455 664 tissime
507 617 595 664 frui
647 617 817 675 solere,
867 618 1102 680 pertinere
1156 627 1202 666 te
1255 619 1357 666 sine
1406 619 1501 666 ulla
1549 634 1685 666 mora
1736 634 1846 681 pro-

273 699 477 746 vinciam
549 699 816 746 successori
882 699 1162 758 concedere,
1227 701 1505 762 praesertim
1574 716 1684 748 cum
1746 701 1847 748 sine

274 781 538 843 suspitione
582 789 690 828 tuae
727 780 996 842 cupiditatis
1035 796 1135 828 non
1178 783 1335 844 possis
1378 782 1498 830 illius
1537 782 1848 845 cupiditatem

272 862 490 911 refutare.
537 862 647 924 Ego
672 870 926 924 utrumque
951 878 1115 910 meum
1140 871 1259 925 puto
1286 879 1406 922 esse,
1433 872 1479 912 et
1503 864 1617 927 quid
1643 865 1846 912 sentiam

273 945 527 991 ostendere
553 951 599 991 et
623 945 755 1006 quod
781 945 950 992 feceris
977 945 1250 993 defendere.

347 1027 421 1073 26.
463 1025 649 1088 Scripta
685 1027 779 1072 iam
817 1026 1019 1088 epistola
1057 1027 1300 1089 superiore
1337 1028 1502 1089 accepi
1535 1036 1641 1075 tuas
1674 1027 1848 1075 litteras

276 1108 334 1154 de
368 1107 649 1169 publicanis,
675 1109 724 1154 z'n
757 1108 929 1170 quibus
963 1108 1251 1172 aequitatem
1284 1115 1416 1157 tuam
1448 1124 1550 1158 non
1581 1110 1714 1172 potui
1749 1124 1850 1156 non

275 1190 507 1251 probare3
545 1189 765 1237 facilitate
803 1189 998 1252 quidem
1033 1190 1203 1237 vellem
1238 1192 1471 1254 consequi
1506 1193 1759 1253 potuisses,
1789 1206 1850 1238 ne

274 1271 375 1318 eius
413 1271 608 1329 ordinis,
646 1286 791 1333 quem
830 1286 1020 1333 semper
1059 1274 1255 1331 ornasti,
1292 1289 1395 1321 rem
1434 1281 1515 1321 aut
1556 1274 1851 1322 voluntatem

276 1352 563 1400 offenderes.
628 1352 869 1415 Equidem
893 1368 993 1400 non
1019 1353 1234 1402 desinam
1254 1362 1335 1402 tua
1354 1355 1546 1403 decreta
1565 1356 1849 1415 defendere;

277 1434 362 1481 sed
400 1434 527 1482 nosti
570 1435 973 1482 consuetudinem
1014 1435 1298 1495 hominum;
1337 1437 1431 1485 scis
1468 1453 1614 1500 quam
1650 1438 1852 1500 graviter

278 1515 455 1563 inimici
502 1516 592 1578 ipsi
639 1516 702 1563 illi
751 1515 813 1575 Q.
859 1516 1116 1565 Scaevolae
1166 1518 1366 1578 fuerint;
1416 1520 1499 1566 tibi
1541 1527 1705 1567 tamen
1745 1535 1852 1567 sum

280 1606 457 1654 auctor,
483 1606 550 1655 ut,
584 1598 623 1645 si
656 1599 830 1660 quibus
865 1599 1007 1646 rebus
1044 1600 1216 1661 possis,
1248 1615 1359 1647 eum
1395 1601 1479 1648 tibi
1515 1602 1736 1649 ordinem
1773 1608 1854 1649 aut

279 1678 555 1727 reconcilies
592 1687 673 1727 aut
708 1680 927 1742 mitiges:
973 1681 1022 1728 id
1060 1682 1147 1729 etsi
1184 1681 1371 1730 difficile
1407 1691 1493 1741 est,
1531 1691 1694 1731 tamen
1737 1683 1852 1730 mihi

279 1761 462 1809 videtur
486 1777 592 1810 esse
617 1763 896 1825 prudentiae
922 1771 1045 1813 tuae.

632 1912 707 1956 30.
783 1908 874 1956 AD
911 1907 1331 1957 FAMILIARES
1369 1909 1433 1958 ΙΙ.
1472 1912 1514 1957 6.

752 2005 858 2051 ScR.
888 2004 1071 2053 ROMAE
1100 2020 1239 2053 A.U·c.
1271 2018 1380 2066 701.

711 2108 759 2139 M.
797 2107 966 2140 c1CERo
1009 2109 1042 2139 s,
1071 2109 1115 2140 D.
1142 2109 1181 2141 c.
1220 2109 1430 2141 CURIONI.

352 2203 391 2236 1.
430 2187 648 2236 NONDUM
674 2195 773 2234 erat
803 2188 1017 2235 auditum
1050 2196 1095 2235 te
1129 2188 1190 2235 ad
1221 2188 1409 2235 Italiam
1445 2189 1716 2248 adventare,
1742 2204 1854 2238 cum

281 2269 390 2318 Sex.
410 2268 623 2327 Villium,
647 2268 848 2317 Milonis
868 2270 962 2317 mei
987 2269 1282 2328 familiarem,
1300 2285 1411 2318 cum
1435 2270 1508 2318 his
1534 2271 1596 2318 ad
1619 2279 1666 2318 te
1690 2270 1854 2319 litteris

279 2351 386 2399 misi
405 2367 420 2411 3
458 2350 543 2399 sed
568 2358 731 2398 tamen
757 2365 867 2398 cum
892 2351 1277 2415 adpropinquare
1303 2360 1411 2400 tuus
1438 2352 1670 2400 adventus
1694 2360 1854 2414 putar-

279 2441 382 2480 etur
419 2440 466 2480 et
503 2440 549 2479 te
587 2433 683 2480 iam
722 2448 782 2479 ex
824 2433 944 2480 Asia
987 2432 1197 2480 Romam
1239 2448 1403 2480 versus
1441 2433 1713 2495 profectum
1750 2449 1855 2481 esse

281 2521 535 2571 constaret,
562 2514 847 2576 magnitudo
882 2515 948 2561 rei
983 2514 1108 2572 fecit,
1134 2522 1186 2562 ut
1210 2529 1310 2562 non
1334 2530 1603 2562 vereremur
1626 2529 1687 2562 ne
1712 2515 1854 2564 nimis

281 2596 377 2643 cito
414 2595 723 2653 mitteremus,
763 2610 874 2642 cum
910 2595 997 2643 has
1039 2611 1185 2658 quam
1223 2596 1430 2657 primum
1470 2596 1531 2644 ad
1572 2604 1619 2644 te
1660 2595 1855 2658 perferri

281 2678 459 2724 litteras
489 2691 671 2738 magno
706 2691 853 2738 opere
887 2677 1127 2724 vellemus.
1200 2676 1325 2738 Ego,
1353 2678 1392 2724 si
1417 2693 1526 2724 mea
1551 2678 1599 2724 in
1623 2685 1669 2724 te
1694 2685 1856 2725 essent

281 2758 440 2806 officia
474 2757 642 2815 solum,
677 2756 839 2816 Curio,
873 2766 1017 2817 tanta,
1052 2767 1231 2821 quanta
1259 2760 1413 2820 magis
1445 2774 1474 2805 a
1502 2767 1548 2806 te
1580 2759 1687 2822 ipso
1719 2774 1854 2821 prae-

2031 2316 2040 2410 -..=---
2032 2205 2040 2307 -=-—..—
2036 2175 2040 2189 -
2031 2078 2040 2152 .—.
