2040 3048
128 121 200 175 Ep.
227 115 317 185 36.]
499 125 682 168 EPIST.
724 126 805 165 AD
841 125 1120 167 ATTIoUM
1160 128 1207 168 V.
1252 131 1334 170 21.
1617 128 1713 182 105

130 269 291 313 amas;
333 261 386 302 tu
426 253 555 301 enim
597 268 676 301 me
718 253 838 302 haec
880 253 1036 303 facere
1075 253 1279 303 voluisti.
1353 256 1397 302 8.
1435 254 1531 301 Iter
1571 253 1712 315 igitur

129 337 194 383 ita
234 351 319 398 per
354 335 521 383 Asiam
562 334 670 393 feci,
712 343 763 383 ut
803 336 947 383 etiam
991 336 1158 395 fames,
1199 352 1295 399 qua
1337 334 1453 383 nihil
1493 335 1712 382 miserius

130 426 215 477 est,
250 433 372 481 quae
404 425 506 465 tum
542 424 642 466 erat
674 417 723 464 in
759 417 850 465 hac
883 433 996 466 mea
1028 418 1388 467 Asia—messis
1425 418 1553 466 enim
1586 416 1716 464 nulla

130 498 360 558 fuerat—‚
387 499 504 547 mihi
536 499 752 562 optanda
785 498 955 547 fuerit:
994 515 1300 563 quacumque
1333 501 1420 548 iter
1454 499 1558 558 feci,
1586 498 1716 546 nulla

129 581 187 639 vi,
223 581 355 629 nullo
390 581 582 640 iudicio,
619 580 749 628 nulla
791 582 1098 641 contumelia,
1135 583 1418 630 auctoritate
1455 589 1502 629 et
1544 580 1715 629 cohor·

129 663 308 712 tatione
343 662 536 727 perfeci,
571 670 624 711 ut
659 670 706 710 et
742 661 916 711 Graeci
952 670 999 710 et
1046 664 1173 711 cives
1222 663 1449 721 Romani,
1488 663 1570 725 qui
1619 662 1715 710 fru-

130 754 346 794 mentum
383 753 785 808 compresserant,
821 760 1056 807 magnum
1092 761 1347 794 numerum
1384 745 1575 809 populis
1611 744 1715 807 pol-

129 828 395 877 licerentur.
491 843 535 889 9.
572 827 741 876 Idibus
790 828 1078 886 Februariis,
1127 843 1225 891 quo
1275 828 1351 876 die
1399 828 1487 876 has
1542 827 1717 874 litteras

130 910 256 968 dedi,
305 910 465 959 forum
518 911 815 958 institueram
868 924 1011 971 agere
1065 908 1339 957 Laodiceae
1389 909 1716 971 Cibyraticum

130 1001 178 1041 et
225 993 520 1056 Apamense,
568 1009 629 1042 ex
677 993 848 1040 Idibus
902 991 1093 1039 Martiis
1150 991 1330 1039 ibidem
1385 991 1716 1054 Synnadense,

131 1073 669 1138 Pamphylium—tum
717 1074 921 1122 Phemio
971 1073 1224 1135 dispiciam
1271 1074 1481 1134 κε’ρας-,
1530 1073 1716 1136 Lycao-

132 1156 282 1216 nium,
325 1156 618 1218 Isauricum,
674 1173 735 1206 ex
784 1157 951 1206 Idibus
999 1155 1143 1203 Maiis
1191 1155 1241 1203 in
1285 1155 1516 1214 Ciliciam,
1556 1163 1608 1203 ut
1654 1155 1717 1202 ibi

132 1238 298 1287 Iunius
339 1249 665 1299 consumatur,
707 1239 848 1287 velim
896 1237 1149 1300 tranquille
1190 1252 1219 1285 a
1260 1237 1460 1286 Parthis.
1534 1237 1717 1296 Quinc-

131 1321 237 1380 tilis,
265 1322 304 1370 si
341 1323 440 1381 erit,
465 1331 517 1370 ut
541 1323 777 1381 volumus,
803 1322 853 1368 in
887 1321 1055 1368 itinere
1092 1327 1165 1368 est
1197 1334 1284 1382 per
1315 1320 1614 1383 provinciam
1648 1336 1718 1367 re-

132 1403 389 1453 deuntibus
436 1405 827 1454 consumendus:
882 1404 1100 1451 venimus
1144 1403 1274 1450 enirn
1323 1404 1374 1450 in
1422 1403 1717 1465 provinciam

133 1482 471 1553 [Laodiceam]
538 1487 748 1550 Sulpicio
809 1495 856 1535 et
917 1485 1153 1534 Marcello
1214 1485 1507 1544 consulibus,
1565 1486 1718 1548 pridie

131 1569 380 1618 Kalendas
421 1568 651 1630 Sextiles3
703 1569 816 1617 inde
857 1584 949 1617 nos
986 1575 1178 1631 oportet
1216 1567 1450 1616 decedere
1486 1583 1528 1616 a.
1567 1568 1612 1616 d.
1650 1585 1716 1616 111.

134 1651 386 1701 Kalendas
425 1652 640 1701 Sextiles.
724 1651 939 1699 Primum
982 1650 1279 1700 contendam
1320 1666 1349 1698 a
1397 1649 1582 1709 Quinto
1630 1650 1719 1697 fra-

131 1744 216 1794 tre,
238 1742 291 1783 ut
322 1750 373 1783 se
405 1734 602 1798 praefici
635 1735 856 1798 patiatur,
882 1733 1015 1796 quod
1046 1740 1094 1781 et
1127 1732 1208 1780 illo
1244 1739 1291 1779 et
1322 1747 1402 1779 me
1435 1732 1718 1780 invitissimo

132 1818 239 1877 fiet;
290 1818 377 1866 sed
412 1817 544 1865 aliter
575 1817 780 1865 honeste
816 1816 918 1863 fieri
950 1831 1054 1864 non
1089 1822 1260 1877 potest,
1294 1815 1573 1876 praesertim
1608 1830 1719 1863 cum

132 1901 284 1949 virum
332 1901 586 1963 optimum,
629 1899 957 1962 Pomptinum,
995 1913 1057 1945 ne
1106 1911 1235 1944 nunc
1272 1896 1469 1959 quidem
1516 1897 1718 1944 retinere

134 1983 345 2045 possim:
387 1983 510 2046 rapit
547 1983 797 2031 hominem
833 1976 1005 2048 [enim]
1040 1979 1319 2028 Postumius
1357 1978 1585 2038 Romam,
1623 1979 1718 2027 for-

133 2073 260 2114 tasse
306 2066 451 2114 etiam
499 2065 762 2113 Postumia.
842 2063 1014 2111 Habes
1063 2062 1267 2110 consilia
1314 2070 1490 2110 nostra.
1573 2060 1718 2109 Nunc

135 2163 378 2211 cognosce
421 2148 481 2196 de
529 2147 694 2195 Bruto,
773 2162 845 2194 10.
883 2144 1160 2193 Familiares
1203 2145 1349 2192 habet
1391 2145 1567 2192 Brutus
1610 2152 1719 2192 tuus

135 2230 374 2293 quosdam
400 2230 659 2279 creditores
685 2229 1057 2277 Salaminiorum
1081 2243 1141 2275 ex
1169 2226 1347 2290 Cypro,
1373 2225 1443 2275 M.
1472 2225 1719 2289 Scaptium

135 2320 182 2360 et
213 2311 266 2360 P.
292 2311 566 2372 Matinium,
593 2327 717 2375 quos
750 2310 867 2358 mihi
900 2311 1135 2358 maiorem
1163 2310 1213 2356 in
1236 2309 1441 2357 modurn
1467 2323 1719 2357 commen-

136 2394 276 2442 davit.
339 2394 604 2443 Matinium
641 2409 744 2441 non
786 2393 928 2451 novi;
980 2391 1200 2454 Scaptius
1243 2391 1305 2439 ad
1348 2406 1426 2439 me
1470 2392 1519 2438 in
1566 2398 1719 2439 castra

135 2476 288 2524 venit:
339 2475 576 2539 pollicitus
619 2491 727 2524 sum
771 2482 1045 2523 curaturum
1088 2489 1166 2520 me
1210 2472 1343 2520 Bruti
1386 2487 1544 2530 causa,
1583 2481 1635 2520 ut
1676 2473 1719 2519 ei

139 2557 384 2606 Salaminii
423 2560 682 2621 pecuniam
720 2558 983 2616 solverent3
1040 2556 1138 2617 egit
1175 2556 1367 2616 gratias.
1445 2554 1718 2603 Praefectu-

137 2655 241 2688 ram
279 2641 468 2703 petivit:
522 2642 694 2704 negavi
736 2657 815 2688 me
853 2640 1079 2702 cuiquam
1116 2637 1384 2699 negotianti
1421 2636 1548 2695 dare,
1587 2637 1718 2700 quod

137 2723 266 2770 idem
302 2723 387 2770 tibi
428 2724 750 2772 ostenderam.
823 2722 912 2770 Cn.
953 2721 1188 2782 Pompeio
1232 2720 1413 2782 petenti
1461 2719 1716 2782 probaram

138 2805 399 2854 institutum
434 2788 611 2866 meum,
637 2806 753 2869 quid
786 2805 975 2853 dicam?
1049 2802 1301 2865 Torquato
1339 2802 1398 2850 de
1436 2800 1506 2849 M.
1533 2801 1716 2848 Laenio
