2040 3048
162 101 228 153 Ep.
249 114 286 155 5,
306 90 378 159 6.]
543 97 727 139 EPIST.
764 97 847 136 AD
884 95 1163 136 ATTICUM
1198 95 1236 137 Ι.
1271 99 1348 151 13.
1703 84 1735 149 9

158 232 361 281 consilio
410 231 512 279 eius
561 230 822 292 animoque
865 228 914 276 in
957 243 1035 275 me
1077 225 1410 274 inimicissimo
1451 239 1558 273 esse
1601 238 1733 271 com-

156 323 362 372 motum,
388 327 636 375 cognosce
662 326 794 358 nunc
819 310 1169 358 humanitatem
1195 323 1371 364 meam,
1399 307 1438 355 si
1463 306 1737 354 humanitas

157 394 448 457 appellanda
483 401 556 442 est
591 394 641 441 in
678 392 990 441 acerbissima
1026 391 1198 439 iniuria
1235 389 1457 437 remissio
1494 387 1643 435 animi
1681 401 1737 433 ac

157 476 442 526 dissolutio:
485 475 616 524 nulla
657 483 731 523 est
770 491 799 523 a
836 489 915 521 me
954 488 1188 536 umquam
1231 471 1468 520 sententia
1515 470 1644 518 dicta
1689 469 1738 515 in

156 557 350 606 fratrem
367 565 510 622 *tuum
527 573 539 615 ;
577 557 1013 619 quotienscumque
1042 554 1223 616 aliquid
1255 561 1328 601 est
1361 561 1536 611 actum,
1562 550 1738 599 sedens

155 641 212 689 iis
238 640 446 698 adsensi,
472 639 555 702 qui
587 637 704 685 mihi
737 637 981 686 lenissime
1016 636 1191 684 sentire
1224 636 1309 683 visi
1347 642 1469 683 sunt.
1544 633 1737 681 Addam

155 722 270 770 illud
302 723 462 779 etiam,
488 720 623 783 quod
656 721 754 768 iam
787 734 882 782 ego
919 734 1086 766 curare
1120 733 1222 766 non
1260 717 1419 774 debui,
1454 715 1540 764 sed
1577 724 1740 762 tamen

156 803 257 851 fieri
291 818 393 851 non
429 802 630 850 moleste
667 802 752 849 tuli
788 810 932 864 atque
967 801 1127 856 etiam,
1152 807 1206 847 ut
1238 799 1303 846 ita
1334 798 1484 856 fieret,
1509 812 1599 860 pro
1631 811 1741 843 mea

156 893 290 948 parte
315 885 489 943 adiuvi,
514 892 568 932 ut
601 884 753 932 senati
786 883 1010 932 consulto
1042 898 1182 930 meus
1219 882 1456 938 inimicus,
1483 880 1596 943 quia
1631 887 1741 926 tuus

158 967 300 1015 frater
332 975 447 1024 erat,
475 966 813 1014 sublevaretur.
890 980 962 1012 10.
1004 963 1118 1023 Qua
1141 980 1193 1012 re
1218 978 1320 1011 non
1344 977 1438 1025 ego
1464 960 1743 1025 oppugnavi

158 1050 354 1105 fratrem
378 1059 527 1106 tuum,
546 1048 633 1096 sed
658 1047 788 1096 fratri
813 1056 896 1095 tuo
921 1047 1201 1110 repugnavi,
1219 1061 1310 1093 nec
1335 1045 1386 1092 in
1410 1052 1471 1103 te,
1487 1052 1541 1092 ut
1561 1042 1742 1100 scribis,

159 1133 323 1180 animo
372 1130 440 1178 fui
486 1130 665 1188 mobili,
715 1130 802 1178 sed
848 1130 914 1177 ita
961 1129 1132 1188 stabili,
1176 1136 1229 1176 ut
1275 1129 1325 1175 in
1374 1142 1486 1174 mea
1532 1141 1650 1188 erga
1696 1131 1743 1172 te

159 1214 403 1262 voluntate
451 1212 596 1260 etiam
644 1211 861 1259 desertus
907 1212 971 1258 ab
1019 1211 1190 1259 officiis
1245 1211 1340 1258 tuis
1394 1221 1744 1271 permanerem.

160 1299 322 1360 Atque
357 1297 452 1344 hoc
488 1297 597 1359 ipso
634 1304 853 1359 tempore
888 1295 971 1342 tibi
1009 1310 1166 1357 paene
1203 1294 1441 1341 minitanti
1477 1293 1619 1341 nobis
1659 1306 1746 1355 per

160 1381 339 1428 litteras
363 1379 459 1427 hoc
484 1379 700 1426 rescribo
726 1385 869 1441 atque
893 1377 1196 1442 respondeo:
1232 1392 1327 1439 ego
1354 1376 1509 1424 dolori
1534 1384 1618 1422 tuo
1642 1389 1745 1421 non

163 1463 321 1510 solum
345 1463 567 1525 ignoscO,
592 1460 680 1509 sed
704 1446 947 1508 summam
977 1460 1123 1507 etiam
1155 1459 1348 1506 laudem
1382 1458 1570 1517 t1·ibuo;
1607 1470 1746 1504 meus

163 1546 292 1594 enim
317 1560 395 1592 me
427 1559 614 1601 sensus,
641 1552 820 1606 quanta
856 1543 927 1591 vis
960 1542 1154 1590 fraterni
1188 1542 1247 1589 sit
1280 1529 1472 1599 amoris,
1500 1540 1744 1588 admonet.

162 1629 209 1676 A
244 1637 290 1676 te
326 1634 442 1690 peto
478 1634 531 1674 ut
567 1634 617 1674 tu
647 1641 844 1688 quoque
878 1640 1089 1688 aequum
1122 1633 1169 1672 te
1202 1625 1412 1672 iudicem
1445 1623 1601 1671 dolori
1634 1637 1746 1670 meo

163 1711 426 1773 praebeas;
467 1710 506 1757 si
531 1709 720 1767 acerbe,
746 1709 785 1756 si
811 1708 1077 1767 crudeliter,
1105 1708 1143 1755 si
1169 1708 1272 1755 sine
1298 1722 1444 1754 causa
1469 1721 1577 1754 sum
1602 1721 1632 1752 a
1657 1705 1749 1752 tuis

164 1800 494 1856 oppugnatus,
510 1799 562 1838 ut
587 1781 767 1839 statuas
791 1790 911 1837 mihi
935 1806 1038 1838 non
1062 1791 1213 1838 modo
1234 1805 1336 1836 non
1356 1789 1645 1846 cedendum,
1664 1787 1749 1834 sed

164 1876 309 1923 etiam
343 1883 428 1921 tuo
461 1882 603 1936 atque
637 1873 875 1921 exercitus
906 1873 974 1920 tui
1007 1873 1185 1920 auxilio
1218 1872 1268 1919 in
1301 1872 1403 1919 eius
1436 1871 1571 1919 modi
1603 1885 1751 1918 causa

164 1957 397 2005 utendum
422 1955 583 2004 fuisse.
655 1955 766 2017 Ego
791 1963 838 2003 te
863 1955 979 2002 mihi
1006 1970 1198 2017 semper
1223 1954 1432 2001 amicum
1462 1968 1568 2001 esse
1593 1953 1748 2012 volui;

163 2056 243 2088 me
262 2049 314 2088 ut
339 2039 422 2086 tibi
448 2039 793 2086 amicissimum
817 2053 924 2086 esse
950 2038 1267 2100 intellegeres,
1285 2036 1514 2084 laboravi.
1564 2034 1749 2084 Maneo

163 2123 215 2170 in
234 2122 476 2169 voluntate
496 2128 555 2178 et,
573 2120 738 2182 quoad
761 2120 894 2168 voles
918 2127 984 2179 tu,
1002 2120 1300 2182 permanebo
1326 2118 1560 2180 citiusque
1585 2133 1751 2166 amore

166 2204 233 2252 tui
264 2203 459 2250 fratrem
494 2210 627 2248 tuum
662 2202 824 2250 odisse
865 2202 1084 2250 desinam
1122 2217 1270 2263 quam
1306 2201 1428 2249 illius
1463 2200 1580 2248 odio
1616 2199 1749 2263 quic-

165 2300 313 2349 quam
338 2285 398 2333 de
423 2292 589 2333 nostra
613 2284 948 2332 benevolentia
974 2283 1237 2332 detraham.

575 2440 620 2484 6.
692 2437 786 2484 AD
822 2436 1148 2485 ATTICUM
1186 2437 1222 2484 Ι.
1270 2454 1342 2498 13.

351 2527 458 2577 SCR.
500 2527 680 2575 ROMAE
717 2543 761 2574 A.
787 2543 831 2575 D.
870 2544 930 2575 v1.
972 2527 1099 2575 ΚΑΒ.
1139 2527 1252 2576 FER.
1290 2543 1430 2575 A.U.c.
1460 2528 1570 2591 693.

699 2632 870 2665 c1cERo
906 2632 1082 2666 ATT1c0
1118 2633 1219 2664 SAL.

246 2721 280 2751 1.
324 2705 501 2752 Accam
526 2713 632 2752 tuas
658 2713 753 2753 tres
779 2705 875 2752 iam
901 2706 1155 2768 epistolas:
1194 2721 1339 2752 unam
1367 2721 1395 2752 a
1421 2705 1491 2752 M.
1510 2705 1753 2763 Cornelio,

172 2798 320 2846 quam
345 2782 525 2831 Tribus
546 2783 799 2842 Tabernis,
818 2792 868 2832 ut
895 2785 1083 2847 opinor,
1105 2785 1147 2831 ei
1174 2785 1360 2839 dedisti,
1379 2785 1590 2843 alteram,
1609 2800 1753 2848 quam
