2040 3048
298 84 364 135 68
750 93 811 132 Μ.
856 92 1056 132 TULLII
1094 93 1407 132 CICERONIS
1674 81 1786 151 [Pars
1815 92 1867 132 11.

295 234 572 298 optimeque
596 232 882 296 perspicies;
922 231 1037 294 quid
1069 231 1209 279 nobis
1242 231 1509 294 placuisset,
1531 246 1590 278 ex
1618 246 1695 278 me
1721 230 1866 292 potis-

294 317 469 363 simum
495 315 656 376 putavi
690 322 734 361 te
770 314 889 361 scire
916 320 1153 375 oportere.
1217 324 1259 374 7.
1298 311 1445 371 Quod
1470 312 1585 359 mihi
1613 311 1673 358 de
1698 320 1864 359 nostro

295 406 434 455 statu,
462 396 521 444 de
548 395 743 443 Milonis
782 395 1109 452 familiaritate,
1144 394 1204 442 de
1240 395 1427 442 levitate
1464 402 1510 441 et
1547 392 1866 441 imbecillitate

296 477 453 534 Clodii
491 477 753 540 gratularis,
798 476 995 523 minime
1037 476 1266 523 miramur
1303 484 1348 523 te
1391 475 1483 523 tuis
1524 483 1576 522 ut
1618 475 1866 536 egregium

295 558 524 606 artificem
561 558 817 621 praeclaris
854 557 1081 619 operibus
1119 557 1308 604 laetari:
1356 570 1652 618 quamquam
1689 562 1761 603 est
1796 555 1867 602 in-

295 640 533 689 credibilis
568 640 822 688 hominum
859 639 1428 702 perversitas—graviore
1463 638 1594 685 enirn
1618 638 1765 685 verbo
1798 637 1867 684 uti

295 737 395 770 non
432 721 630 780 libet—,
671 720 752 784 qui
792 736 897 779 nOS,
940 735 1065 783 quos
1104 720 1312 768 favendo
1354 720 1402 766 in
1442 719 1691 768 communi
1724 733 1870 767 causa

295 804 495 851 retinere
560 810 834 865 potuerunt,
893 801 1156 850 invidendo
1226 801 1588 860 abalienarunt;
1660 815 1869 862 quorum

295 883 761 932 malevolentissimis
787 883 1214 932 obtrectationibus
1247 898 1340 931 nos
1365 883 1485 930 scito
1518 882 1578 930 de
1602 890 1761 929 vetere
1792 881 1870 928 illa

296 974 462 1014 nostra
503 965 822 1028 diuturnaque
864 965 1105 1013 sententia
1145 979 1301 1027 prope
1337 964 1435 1012 iam
1477 978 1583 1012 esse
1626 963 1867 1026 depuISOS‚

296 1062 396 1095 non
420 1062 512 1095 nos
537 1046 734 1110 quidem
758 1054 811 1094 ut
846 1054 1040 1095 nostrae
1075 1046 1321 1109 dignitatis
1354 1046 1504 1094 simus
1533 1044 1682 1103 obliti,
1708 1045 1793 1093 sed
1818 1052 1871 1092 ut

270 1129 560 1177 ,habeamus
607 1129 843 1176 rationem
890 1128 1150 1191 aliquando
1206 1128 1351 1175 etiam
1406 1127 1584 1174 salutis.
1678 1125 1870 1174 Poterat

296 1218 362 1258 ut1
372 1225 553 1273 umque
578 1209 835 1272 praeclare,
856 1210 895 1257 si
920 1217 1049 1258 esset
1073 1210 1208 1268 fides,
1230 1209 1269 1257 si
1292 1209 1498 1271 gravitas
1522 1208 1572 1255 in
1595 1207 1870 1255 hominibus

297 1292 627 1340 consularibus
641 1307 653 1350 ;
692 1291 777 1339 sed
802 1299 932 1339 tanta
957 1299 1028 1339 est
1052 1292 1101 1338 in
1121 1291 1364 1354 plerisque
1389 1291 1566 1348 levitas,
1586 1298 1639 1337 ut
1659 1304 1745 1337 eos
1770 1304 1871 1336 non

297 1383 396 1423 tam
420 1374 688 1422 constantia
712 1374 761 1421 in
786 1389 835 1421 re
869 1373 1063 1436 publica
1095 1380 1261 1421 nostra
1293 1373 1512 1431 delectet,
1538 1387 1686 1435 quarn
1711 1371 1870 1434 splen-

298 1457 386 1504 dor
410 1455 640 1504 offendat.
713 1458 758 1503 8.
782 1454 945 1515 'Quod
970 1470 1030 1504 eo
1055 1455 1248 1503 liberius
1273 1455 1335 1503 ad
1361 1462 1406 1502 te
1433 1455 1607 1512 scribo,
1633 1454 1745 1516 quia
1768 1468 1869 1500 non

298 1539 454 1586 solum
479 1537 778 1600 temporibus
805 1536 893 1596 his,
921 1552 1044 1600 quae
1067 1552 1154 1599 per
1185 1545 1231 1585 te
1266 1552 1373 1584 sum
1409 1537 1628 1599 adeptus,
1654 1535 1741 1583 sed
1773 1535 1869 1582 iam

298 1620 411 1668 olim
454 1620 669 1667 nascenti
717 1634 871 1682 prope
920 1627 1114 1667 nostrae
1161 1619 1289 1666 laudi
1337 1618 1652 1680 dignitatique
1699 1616 1867 1675 favisti,

298 1701 534 1764 simulque
570 1700 703 1764 quod
739 1699 893 1758 video,
925 1715 1042 1758 non,
1073 1708 1125 1748 ut
1157 1700 1361 1748 antehac
1398 1701 1643 1763 putabam,
1673 1699 1871 1746 novitati

297 1799 403 1832 esse
427 1783 632 1831 invisum
657 1798 822 1841 meae3
853 1783 904 1829 in
928 1790 974 1830 te
999 1783 1142 1839 enim,
1159 1781 1358 1829 homine
1383 1782 1604 1829 omnium
1634 1781 1870 1829 nobilissi-

298 1880 396 1923 mo,
423 1863 596 1912 similia
618 1864 888 1912 invidorum
913 1864 1026 1911 vitia
1051 1864 1292 1926 perspexi,
1318 1878 1465 1926 quem
1489 1870 1652 1910 tamen
1676 1862 1739 1909 illi
1764 1877 1870 1910 esse

298 1947 347 1994 in
406 1946 703 2009 principibus
760 1945 896 1993 facile
947 1953 1059 1993 sunt
1112 1946 1256 2007 passi,
1311 1945 1500 1992 evolare
1553 1944 1691 1992 altius
1745 1951 1871 1992 certe

299 2029 564 2077 noluerunt.
651 2020 856 2075 Gaudeo
905 2035 1037 2075 tuam
1085 2027 1366 2075 dissimilem
1413 2026 1559 2074 fuisse
1599 2026 1870 2085 fortunam;

299 2110 503 2158 multum
538 2109 670 2156 enim
706 2109 917 2166 interest,
954 2101 1117 2155 utrum
1152 2108 1254 2155 laus
1291 2108 1599 2155 imminuatur
1640 2123 1704 2155 an
1745 2107 1872 2156 salus

300 2192 556 2240 deseratur.
644 2188 730 2237 Me
778 2203 915 2236 meae
963 2197 1125 2236 tamen
1173 2204 1234 2236 ne
1281 2189 1424 2236 nimis
1471 2188 1748 2250 paeniteret,
1791 2197 1874 2237 tua

298 2274 467 2321 virtute
501 2271 767 2334 perfectum
803 2278 902 2328 est;
947 2271 1121 2318 curasti
1158 2271 1301 2327 enim,
1327 2278 1380 2318 ut
1413 2269 1523 2332 plus
1559 2269 1776 2317 additum
1812 2269 1874 2317 ad

300 2355 584 2404 memoriam
624 2353 835 2401 nominis
882 2353 1032 2400 nostri
1075 2367 1223 2415 quam
1271 2352 1524 2414 demptum
1573 2352 1634 2399 de
1682 2351 1874 2401 fortuna

300 2436 552 2484 videretur.
622 2452 667 2496 9.
704 2435 781 2483 Te
805 2448 919 2482 vero
957 2448 1168 2481 emoneo
1205 2448 1319 2481 cum
1354 2433 1602 2481 beneficiis
1639 2435 1745 2491 tuis,
1771 2442 1873 2481 tum

301 2531 466 2564 amore
513 2516 735 2563 incita-tus
756 2542 758 2544 -
781 2529 905 2572 meo,
944 2522 996 2562 ut
1043 2529 1242 2562 ornnem
1289 2514 1508 2577 gloriam,
1549 2514 1611 2562 ad
1658 2530 1805 2577 quam
1845 2530 1874 2562 a

301 2597 502 2661 pueritia
525 2597 850 2645 inflammatus
876 2595 1019 2655 fuisti,
1039 2597 1173 2643 omni
1199 2611 1312 2643 cura
1337 2604 1480 2658 atque
1504 2595 1732 2644 industria
1756 2610 1872 2644 con-

302 2693 503 2741 sequare
543 2679 1026 2740 magnitudinemque
1069 2678 1216 2725 animi
1252 2678 1332 2735 tui,
1370 2692 1516 2739 quam
1552 2692 1646 2739 ego
1683 2692 1873 2738 semper

302 2774 410 2807 sum
449 2759 710 2809 admiratus
749 2774 1034 2823 semperque
1076 2759 1244 2813 amavi,
1284 2774 1343 2806 ne
1381 2773 1615 2821 umquam
1656 2757 1871 2806 inflectas
