2040 3048
305 125 408 179 234
769 123 828 163 M.
877 123 1074 163 TULLII
1111 125 1279 164 olom<
1288 126 1424 164 oms·
1686 116 1798 184 [Pars
1823 129 1873 168 V.
2012 35 2040 196 1

301 259 632 299 remanserunt
679 250 728 298 in
785 251 984 299 civitate.
1059 250 1252 300 Civibus
1298 251 1431 299 victis
1480 259 1531 298 ut
1589 261 1871 313 parceretur,

299 346 451 393 aeque
478 348 533 379 ac
560 347 648 394 pro
674 347 783 379 mea
815 332 965 380 salute
991 332 1213 380 laboravi.
1289 348 1332 394 3.
1368 332 1576 380 Possum
1608 333 1766 394 igitur,
1790 334 1873 396 qui

300 428 472 461 omnes
496 413 726 460 voluerim
751 414 1034 472 incolumes,
1060 429 1185 471 eum,
1205 430 1233 462 a
1258 429 1355 477 quo
1380 414 1430 461 id
1454 415 1761 476 impetratum
1786 424 1872 473 est,

301 495 480 555 perisse
513 510 615 542 non
640 495 915 557 indignari?
952 511 1065 543 cum
1089 497 1368 557 praesertim
1401 495 1528 543 idem
1553 495 1777 544 homines
1809 497 1873 544 illi

300 582 347 622 et
384 576 587 623 invidiae
631 584 678 624 et
714 577 861 625 exitio
899 577 1085 625 fuerint.
1157 577 1413 625 ‘Plecteris
1456 577 1602 639 ergo‚’
1654 578 1875 640 inquiunt

300 659 560 720 ‘quoniam
595 658 773 706 factum
809 667 1028 707 nostrum
1063 659 1337 721 improbare
1375 657 1554 706 audes.'
1625 658 1671 708 Ο
1708 675 1871 722 super-

298 738 429 785 biam
463 740 741 798 inauditam,
768 740 887 788 alios
921 741 970 787 in
999 740 1212 789 facinore
1242 741 1448 804 gloriari,
1475 740 1577 788 aliis
1612 757 1674 789 ne
1712 741 1874 791 dolere

299 821 496 884 quidem
537 823 771 885 impunite
818 824 990 871 licerel
1045 831 1094 871 at
1139 823 1260 870 haec
1307 824 1452 870 etiam
1494 824 1640 871 servis
1682 839 1874 887 semper

297 903 445 952 libera
469 904 673 963 fuerunt,
698 910 753 952 ut
780 906 1014 963 timerent,
1040 905 1321 967 gauderent,
1347 905 1564 952 dolerent
1598 921 1687 954 suo
1711 907 1873 969 potius

297 1000 444 1047 quam
470 986 660 1034 alterius
684 987 904 1045 arbitrio;
943 1002 1067 1049 quae
1092 1001 1236 1044 nunc,
1260 994 1313 1033 ut
1336 986 1534 1048 quidem
1557 986 1634 1034 isti
1659 987 1873 1035 dictitant

298 1066 524 1115 libertatis
550 1075 784 1127 auctores,
810 1077 943 1116 metu
968 1069 1110 1116 nobis
1135 1075 1420 1130 extorquere
1453 1076 1705 1116 conantur.
1777 1069 1871 1116 Sed

298 1148 412 1195 nihil
453 1158 616 1211 agunt.
688 1166 732 1209 4.
769 1149 959 1198 Nullius
997 1165 1231 1213 umquam
1274 1149 1471 1211 periculi
1511 1151 1769 1198 terroribus
1810 1152 1872 1198 ab

295 1230 455 1279 officio
505 1239 586 1279 aut
633 1233 695 1279 ab
733 1232 1029 1280 humanitate
1078 1232 1344 1279 desciscam
1362 1247 1374 1291 ;
1429 1246 1695 1294 numquam
1742 1233 1872 1280 enim

294 1311 551 1360 honestam
589 1321 796 1360 mortem
839 1313 1133 1376 fugiendam,
1177 1327 1321 1374 saepe
1362 1313 1506 1360 etiam
1542 1314 1872 1376 oppetendam

296 1395 471 1455 putavi.
546 1394 643 1442 Sed
667 1395 785 1457 quid
808 1396 925 1442 mihi
950 1404 1251 1451 succensent,
1273 1396 1311 1442 si
1330 1396 1379 1443 id
1404 1403 1538 1457 opto,
1557 1405 1609 1443 ut
1632 1398 1873 1458 paeniteat

296 1490 382 1523 eos
413 1477 485 1523 sui
510 1475 653 1524 facti?
690 1477 834 1539 cupio
867 1478 996 1524 enim
1022 1476 1242 1525 Caesaris
1275 1486 1481 1524 mortem
1506 1479 1733 1526 omnibus
1765 1493 1871 1526 esse

296 1558 530 1605 acerbam.
606 1558 698 1604 ‘At
723 1558 880 1606 debeo
904 1574 992 1621 pro
1030 1559 1152 1606 civili
1185 1566 1318 1621 parte
1354 1575 1456 1606 rem
1485 1560 1728 1622 publicam
1753 1561 1871 1608 velle

297 1637 507 1687 salvam.’
580 1639 638 1687 Id
663 1640 859 1702 quidem
894 1656 974 1688 me
1011 1656 1200 1703 cupere,
1227 1641 1318 1688 nisi
1350 1649 1397 1688 et
1421 1650 1529 1688 ante
1566 1650 1674 1689 acta
1696 1643 1790 1689 vita
1824 1650 1872 1689 et

296 1722 477 1784 reliqua
500 1737 610 1768 mea
635 1736 747 1784 spes
779 1729 967 1769 tacente
998 1738 1076 1769 me
1102 1723 1290 1785 probat,
1317 1722 1524 1770 dicendo
1547 1723 1736 1771 vincere
1769 1739 1871 1771 non

297 1803 505 1866 postulo,
578 1814 621 1863 5.
660 1803 772 1862 Qua
795 1819 846 1851 re
878 1805 1112 1851 maiorem
1136 1805 1186 1851 in
1217 1804 1420 1852 modum
1453 1812 1499 1852 te
1531 1820 1666 1867 rogo,
1692 1814 1744 1853 ut
1767 1822 1870 1854 rem

295 1886 534 1948 potiorem
558 1885 774 1932 oratione
799 1885 948 1933 ducas
981 1885 1208 1948 mihique,
1234 1887 1274 1934 si
1307 1888 1453 1935 sentis
1484 1887 1710 1949 expedire
1741 1896 1869 1936 recte

295 1967 407 2025 fieri,
445 1966 612 2014 credas
658 1967 839 2014 nullam
886 1969 1282 2016 communionem
1329 1984 1440 2016 cum
1482 1969 1714 2031 improbis
1761 1986 1868 2019 esse

294 2063 451 2110 posse.
523 2048 618 2105 An,
645 2048 780 2109 quod
816 2048 1100 2097 adulescens
1136 2051 1363 2112 praestiti,
1388 2066 1500 2098 cum
1536 2052 1677 2099 etiam
1712 2068 1867 2102 errare

294 2143 404 2174 cum
453 2129 763 2175 excusatione
813 2144 1025 2191 possem,
1065 2130 1114 2178 id
1160 2146 1305 2189 nunc,
1343 2139 1496 2179 aetate
1543 2133 1865 2195 praecipitata,

293 2218 588 2256 commutem
631 2225 688 2257 ac
730 2225 808 2257 me
850 2210 954 2271 ipse
1000 2212 1250 2259 retexam?
1320 2211 1438 2259 Non
1479 2211 1667 2271 faciam,
1706 2230 1865 2277 neque

292 2290 428 2351 quod
470 2290 716 2353 displiceat
758 2292 1071 2351 committam,
1109 2300 1444 2355 praeterquam
1481 2295 1615 2356 quod
1656 2295 1865 2345 hominis

292 2371 408 2419 mihi
463 2373 845 2420 coniunctissimi
891 2390 947 2422 ac
993 2375 1079 2421 viri
1125 2375 1407 2437 amplissimi
1466 2376 1609 2424 doleo
1669 2393 1864 2440 gravem

291 2467 473 2500 casum.
546 2453 695 2512 Quod
728 2455 767 2502 si
804 2456 936 2503 aliter
960 2471 1116 2503 essem
1152 2457 1404 2515 animatus,
1431 2473 1695 2521 numquam
1731 2461 1863 2522 quod

291 2534 498 2582 facerem
523 2552 768 2599 negarem,
795 2553 857 2585 ne
882 2546 929 2584 et
954 2538 1002 2584 in
1027 2538 1277 2600 peccando
1303 2539 1552 2601 improbus
1577 2548 1625 2587 et
1650 2542 1699 2587 in
1724 2543 1860 2591 dissi-

289 2615 521 2664 mulando
541 2618 735 2665 timidus
760 2634 816 2666 ac
834 2634 985 2666 vanus
1010 2620 1318 2667 existimarer.
1382 2622 1430 2668 6.
1457 2621 1548 2668 ‘At
1566 2622 1719 2683 ludos,
1737 2639 1860 2686 quos

291 2697 511 2745 Caesaris
535 2700 759 2747 victoriae
793 2699 973 2749 Caesar
1005 2701 1286 2749 adulescens
1317 2702 1439 2757 fecit,
1466 2701 1652 2751 curavi?
1723 2707 1787 2753 At
1811 2707 1859 2754 id

288 2779 349 2825 ad
374 2779 610 2840 privatum
635 2781 860 2839 officium,
881 2797 983 2830 non
1008 2783 1069 2830 ad
1094 2790 1270 2831 statum
1296 2785 1363 2831 rei
1382 2784 1601 2846 publicae
1626 2787 1854 2847 pertinet3
