2040 3048
324 102 425 156 104
784 99 845 140 M.
891 98 1093 139 TULLII
1129 98 1442 139 CICERONIS
1698 89 1811 157 [Pars
1840 99 1891 139 ιι.

317 233 363 272 et
404 224 676 272 mehercule
718 225 998 272 auctoritate
1040 231 1122 271 tua
1161 222 1440 270 inflammati
1480 222 1677 269 vicimus
1718 237 1891 271 omnes

316 306 492 354 —hoc
539 315 589 354 tu
635 307 701 354 ita
747 306 1166 369 reperies—cum
1207 304 1507 360 abstinentia,
1551 311 1653 350 tum
1700 303 1889 362 iustitia,

316 387 553 444 facilitate,
614 388 882 436 clementia.
968 386 1098 436 Cave
1156 394 1295 449 putes
1354 386 1613 448 quicquam
1671 385 1892 435 homines

315 470 470 531 magis
515 485 748 532 umquam
797 485 903 518 esse
950 469 1146 517 miratos
1193 482 1340 531 quam
1388 467 1573 514 nullum
1625 467 1892 515 teruncium

316 566 394 598 me
433 551 681 599 obtinente
723 551 1020 613 provinciam
1067 558 1286 612 sumptus
1334 547 1514 596 factum
1561 563 1667 597 esse
1709 564 1799 596 nec
1843 550 1893 596 in

316 647 418 679 rem
456 632 697 694 publicam
741 647 831 680 nec
869 632 919 679 in
955 645 1250 693 quemquam
1285 645 1520 688 meorum,
1557 637 1893 692 praeterquam

315 713 365 760 in
411 712 467 762 L.
503 712 718 761 Tullium
765 714 991 776 legatum.
1063 711 1128 770 Is,
1172 712 1416 774 ceteroqui
1460 712 1719 769 abstinens,
1763 706 1891 778 [sed]

316 794 437 842 Iulia
482 794 590 857 lege
637 795 846 853 transita,
885 794 1033 842 semel
1079 802 1243 841 tamen
1289 793 1338 840 in
1388 793 1528 851 diem,
1566 808 1684 850 non,
1719 801 1772 839 ut
1815 792 1894 840 alii

316 877 551 934 solebant,
589 876 818 924 omnibus
860 876 988 933 vicis,
1027 871 1235 940 [praeter
1277 890 1388 922 eum
1437 875 1587 923 semel
1627 889 1772 922 nemo
1815 889 1892 922 ac-

317 953 464 1024 cepit]
498 956 611 1005 facit
642 964 694 1004 ut
725 956 842 1003 mihi
875 957 1186 1018 excipiendus
1221 956 1293 1013 sit,
1320 971 1432 1003 cum
1464 956 1732 1003 teruncium
1765 970 1894 1017 nego

317 1047 536 1101 sumptus
583 1038 792 1098 factum;
846 1045 1036 1101 praeter
1082 1052 1195 1085 eum
1237 1038 1422 1100 accepit
1457 1053 1618 1085 nemo.
1707 1040 1750 1085 6.
1787 1037 1894 1093 Has

316 1136 345 1168 a
372 1129 538 1168 nostro
565 1119 627 1180 Q.
645 1119 829 1167 Titinio
860 1120 1027 1168 sordes
1061 1119 1350 1182 accepimus.
1420 1119 1531 1182 Ego
1560 1120 1748 1168 aestivis
1777 1135 1891 1168 con-

316 1202 451 1251 fectis
487 1201 723 1261 Quintum
759 1202 953 1250 fratrem
990 1201 1199 1249 hibernis
1236 1209 1283 1250 et
1319 1201 1512 1250 Ciliciae
1550 1202 1785 1265 praefeci;
1830 1201 1891 1261 Q.

316 1285 587 1343 Volusium,
614 1285 681 1332 tui
710 1284 894 1332 Tiberii
924 1299 1172 1347 generum,
1199 1291 1381 1332 certum
1413 1283 1662 1331 hominem
1688 1291 1735 1331 et
1766 1283 1892 1330 miri·

318 1368 406 1416 fiee
449 1367 784 1426 abstinentem,
821 1366 930 1414 misi
968 1367 1018 1414 in
1060 1365 1289 1428 Cyprum,
1327 1374 1379 1413 ut
1414 1366 1479 1413 ibi
1516 1365 1750 1428 pauculos
1791 1365 1893 1413 dies

320 1458 459 1508 esset,
497 1465 558 1496 ne
594 1448 721 1496 cives
763 1448 974 1496 Romani
1015 1448 1170 1511 pauci,
1208 1448 1290 1509 qui
1336 1447 1427 1495 illic
1464 1447 1784 1510 negotiantur,
1820 1447 1893 1495 ius

321 1533 410 1580 sibi
456 1531 636 1578 dictum
684 1538 942 1592 negarent;
996 1544 1111 1577 nam
1153 1529 1342 1576 evocari
1383 1545 1443 1576 ex
1490 1529 1646 1576 insula
1688 1528 1894 1590 Cyprios

319 1629 419 1662 non
447 1613 569 1660 licet.
610 1623 652 1674 7.
691 1612 805 1674 Ipse
834 1612 884 1659 in
916 1611 1085 1659 Asiam
1116 1610 1363 1673 profectus
1398 1625 1506 1659 sum
1542 1609 1702 1658 Tarso
1738 1609 1893 1659 Nonis

317 1696 562 1754 Ianuariis,
605 1709 706 1742 non
752 1694 1023 1742 mehercule
1071 1693 1164 1742 dici
1210 1701 1385 1756 potest,
1433 1709 1531 1756 qua
1578 1693 1893 1742 admiratione

317 1777 513 1826 Ciliciae
555 1777 798 1824 civitatum
836 1777 1141 1839 maximeque
1181 1775 1522 1832 Tarsensium;
1571 1782 1743 1838 postea
1779 1790 1892 1823 vero

316 1875 462 1922 quam
519 1860 738 1906 Taurum
793 1867 1119 1922 transgressus
1176 1873 1298 1916 sum,
1347 1858 1545 1905 mirifica
1600 1858 1893 1919 exspectatio

317 1942 463 1989 Asiae
498 1949 770 1989 nostrarum
804 1941 1112 1999 dioecesium,
1146 1956 1270 2003 quae
1304 1955 1389 1989 sex
1425 1940 1673 1987 mensibus
1708 1940 1891 2002 imperii

316 2024 412 2071 mei
454 2022 607 2071 nullas
654 2037 788 2070 meas
824 2030 1077 2085 acceperat
1117 2022 1308 2080 litteras,
1351 2037 1617 2084 numquam
1653 2021 1893 2083 hospitem

317 2104 510 2153 viderat.
582 2103 707 2151 Illud
749 2111 910 2151 autem
951 2110 1143 2165 tempus
1186 2105 1442 2165 quotannis
1478 2112 1588 2151 ante
1630 2118 1708 2151 me
1744 2103 1894 2150 fuerat

316 2186 366 2234 in
388 2186 483 2234 hoc
509 2192 739 2250 quaestu:
777 2185 990 2233 civitates
1022 2184 1299 2247 locupleteS,
1327 2201 1388 2232 ne
1421 2185 1470 2232 in
1500 2185 1700 2232 hiberna
1723 2185 1894 2233 milites

315 2269 601 2331 reciperent,
624 2283 827 2330 magnas
859 2267 1089 2329 pecunias
1123 2266 1314 2325 dabant,
1341 2266 1504 2329 Cyprii
1537 2267 1714 2314 talenta
1738 2268 1895 2315 Attica

315 2366 400 2409 cc„
428 2366 531 2412 qua
547 2365 606 2398 ex
641 2350 966 2397 insula—non
998 2351 1302 2408 ὑπερβολικῶς,
1329 2348 1414 2396 sed
1447 2349 1690 2396 verissime
1722 2348 1894 2411 loquor

316 2447 614 2480 —nummus
658 2431 815 2480 nullus
862 2446 940 2479 me
984 2431 1227 2478 obtinente
1275 2431 1574 2492 erogabatur.
1648 2429 1729 2478 Ob
1775 2429 1894 2477 haec

316 2514 566 2572 beneficia,
607 2514 781 2576 quibus
824 2513 888 2560 illi
926 2513 1287 2574 obstupescunt,
1330 2512 1488 2559 nullos
1530 2511 1738 2560 honores
1779 2512 1894 2558 mihi

317 2597 408 2644 nisi
443 2597 697 2643 verborum
738 2595 932 2644 decerni
969 2595 1103 2653 sin03
1149 2602 1342 2651 statuas,
1379 2593 1504 2651 fana,
1540 2595 1748 2653 τέθριππα
1782 2609 1894 2655 pro-

319 2678 476 2736 hibeo,
514 2693 603 2724 nec
641 2692 747 2725 sum
784 2677 834 2724 in
868 2677 965 2724 ulla
1000 2692 1050 2724 re
1087 2676 1177 2723 alia
1216 2676 1446 2723 molestus
1495 2675 1772 2732 civitatibus,
1810 2675 1895 2722 sed

319 2759 522 2808 fortasse
558 2759 655 2818 tibi,
690 2759 772 2822 qui
808 2758 926 2806 haec
962 2758 1235 2821 praedicem
1272 2757 1331 2805 de
1368 2772 1460 2804 me.
1531 2755 1706 2815 Perfer,
1743 2756 1781 2804 si
1817 2771 1894 2803 me

2036 330 2040 347 ..
2035 287 2040 318 ...
2026 0 2040 272 „...-——...-“--—
