2040 3048
191 123 375 178 Ep.138,
396 113 518 182 139.]
555 122 741 164 EPIST.
769 123 850 162 AD
875 123 1247 163 FAMILIARES
1272 125 1324 164 x.
1364 128 1440 165 11.
1665 113 1761 179 267

185 248 225 296 si
259 263 338 296 me
375 248 609 313 intellegis
646 249 829 297 nullum
866 265 1024 313 neque
1059 249 1324 314 periculum
1358 264 1517 312 neque
1548 247 1765 296 laborem

185 330 364 392 patriae
413 330 699 393 denegasse,
748 331 787 379 si
837 340 1005 380 contra
1053 331 1493 395 importunissimos
1551 330 1763 379 latrones

186 427 321 460 arma
344 412 450 476 cepi
483 422 529 461 te
553 412 773 460 hortante
806 421 854 461 et
889 421 1102 472 auctore,
1128 414 1168 461 si
1203 427 1306 461 non
1339 412 1498 461 solum
1530 412 1766 460 exercitus

187 494 248 542 ad
273 510 375 542 rem
409 494 653 558 publicam
690 495 1054 559 libertatemque
1081 496 1440 545 defendendam
1475 496 1766 558 comparavi,

186 576 273 624 sed
298 577 441 624 etiam
465 576 807 626 crudelissimis
832 579 1046 641 tyrannis
1070 579 1236 642 eripui,
1264 592 1389 641 quos
1415 577 1454 625 si
1479 585 1768 639 occupasset

188 658 454 717 Dolabella,
503 673 604 707 non
654 659 813 708 solum
861 660 1085 719 adventu,
1125 661 1212 708 sed
1251 660 1395 708 etiam
1439 659 1671 721 opinione
1719 667 1766 706 et

186 741 548 803 exspectatione
587 743 823 791 exercitus
871 744 945 791 sui
986 743 1256 791 Antonium
1300 741 1651 790 confirmasset.
1724 757 1766 803 3.

188 822 327 882 Quas
362 823 428 871 ob
463 838 541 872 res
578 825 751 873 milites
781 833 928 884 tuere,
953 825 994 873 si
1029 839 1116 873 eos
1151 824 1350 872 mirifice
1388 823 1449 872 de
1486 838 1536 870 re
1573 822 1769 885 publica

186 905 381 954 meritos
401 920 508 954 esse
529 907 882 965 animadvertiS‚
905 915 953 955 et
974 907 1124 966 effice,
1144 922 1206 955 ne
1232 921 1379 968 quem
1400 904 1643 968 paeniteat
1666 919 1768 952 rem

183 986 427 1047 publicam
446 1003 593 1051 quam
620 1004 757 1051 spem
782 989 991 1052 praedae
1012 996 1060 1037 et
1083 988 1360 1052 rapinarum
1377 987 1513 1049 sequi
1528 985 1767 1034 maluisse.

185 1067 310 1116 Item
347 1068 506 1118 Murci
541 1078 589 1119 et
625 1069 786 1134 Crispi
820 1071 1170 1134 imperatorum
1208 1070 1508 1132 dignitatem,
1534 1075 1769 1130 quantum

186 1158 259 1199 est
282 1151 331 1199 in
355 1160 418 1211 te,
442 1159 603 1202 tuere:
640 1168 755 1201 nam
781 1154 961 1202 Bassus
995 1154 1170 1202 misere
1203 1152 1356 1200 noluit
1381 1151 1499 1199 mihi
1525 1150 1769 1213 legionem

186 1233 401 1294 tradere3
449 1234 584 1296 quod
620 1235 710 1283 nisi
747 1235 920 1283 milites
956 1235 1106 1283 invito
1149 1250 1210 1283 eo
1246 1235 1434 1296 legatos
1470 1232 1532 1281 ad
1568 1246 1647 1279 me
1682 1231 1770 1278 mi·

187 1317 373 1374 sissent,
399 1316 613 1364 clausam
648 1317 922 1380 Apameam
959 1317 1208 1374 tenuisset,
1237 1316 1403 1379 quoad
1439 1315 1484 1362 vi
1521 1322 1649 1362 esset
1686 1329 1768 1361 ex-

188 1406 414 1461 pugnata.
489 1397 629 1447 Haec
663 1414 694 1446 a
722 1406 768 1446 te
804 1406 920 1461 peto
954 1413 1056 1445 non
1095 1398 1256 1446 solum
1286 1398 1353 1444 rei
1379 1396 1616 1459 publicae,
1645 1410 1770 1457 quae

186 1480 270 1528 tibi
318 1495 510 1543 semper
557 1479 643 1528 fuit
690 1480 949 1539 carissima,
989 1481 1076 1529 sed
1113 1481 1260 1527 etiam
1298 1479 1538 1527 amicitiae
1574 1487 1770 1526 nostrae

185 1561 398 1620 nomine,
419 1577 566 1625 quam
592 1562 789 1611 confido
809 1563 940 1626 apud
956 1571 1001 1610 te
1028 1563 1286 1626 plurimum
1314 1576 1475 1623 posse.
1540 1576 1582 1620 4.
1613 1559 1769 1608 Crede

188 1642 303 1691 mihi
338 1644 468 1693 hunc
505 1645 784 1705 exercitum,
811 1661 959 1709 quem
995 1646 1167 1703 habe0‚
1194 1653 1391 1692 senatus
1422 1652 1567 1706 atque
1599 1644 1768 1706 optimi

187 1727 419 1790 cuiusque
453 1742 559 1775 esse
594 1727 903 1790 maximeque
940 1736 1091 1786 tuum,
1119 1727 1178 1775 de
1205 1727 1341 1774 cuius
1374 1726 1621 1773 voluntate
1644 1725 1768 1772 adsi-

188 1808 281 1855 due
315 1808 558 1857 audiendo
594 1809 793 1856 mirifice
830 1818 877 1857 te
914 1810 1068 1872 diligit
1104 1823 1367 1871 carumque
1405 1808 1580 1856 habet:
1618 1808 1700 1870 qui
1734 1808 1771 1855 si

187 1890 470 1939 intellexerit
494 1891 758 1939 commoda
793 1907 880 1939 sua
905 1906 1046 1940 curae
1081 1891 1165 1939 tibi
1199 1906 1322 1949 esse,
1350 1890 1527 1938 debere
1553 1889 1698 1938 etiam
1722 1905 1774 1938 se

189 1973 272 2020 tibi
296 1974 460 2021 omnia
484 1973 686 2036 putabit.

259 2067 304 2116 5.
340 2054 533 2104 Litteris
559 2056 746 2118 scriptis
766 2054 924 2103 audivi
943 2055 1250 2104 Dolabellam
1278 2056 1327 2103 in
1345 2054 1564 2103 Ciliciam
1589 2055 1775 2103 venisse

189 2154 301 2188 cum
339 2138 435 2186 suis
472 2137 652 2201 copiis:
689 2137 968 2201 proficiscar
1003 2139 1054 2185 in
1089 2137 1323 2187 Ciliciam.
1397 2136 1547 2196 Quod
1579 2138 1775 2200 egerim,

190 2221 404 2269 celeriter
428 2229 479 2268 ut
503 2220 642 2278 scias,
670 2220 798 2268 dabo
832 2235 1062 2283 operam;
1101 2236 1158 2269 ac
1183 2220 1339 2279 velim,
1366 2227 1418 2267 ut
1448 2235 1690 2267 meremur
1716 2220 1775 2267 de

190 2319 241 2351 re
283 2303 489 2365 publica,
529 2303 598 2350 sic
640 2302 804 2351 felices
841 2303 1003 2352 simus.
1076 2303 1173 2350 Fac
1210 2302 1369 2350 valeas
1413 2317 1589 2363 meque
1628 2317 1775 2350 ames.

191 2384 351 2432 Nonis
377 2384 523 2432 Maiis
549 2400 609 2432 ex
635 2385 818 2434 castris.

515 2483 622 2528 139.
695 2480 789 2528 AD
823 2479 1247 2529 FAMILIARES
1284 2480 1344 2527 X.
1390 2496 1460 2527 11.

291 2560 399 2612 ScR.
437 2578 487 2610 IN
523 2562 903 2612 ALLOBROGIBUS
939 2579 1003 2611 VI.
1042 2563 1158 2611 Inus
1195 2562 1359 2610 MArAs
1395 2577 1532 2610 A.U.c.
1575 2574 1683 2623 711.

748 2660 959 2694 PLANCUS
994 2660 1230 2693 CICERONI.

270 2743 309 2775 1.
348 2727 668 2776 IMMORTALES
705 2742 798 2789 ago
835 2727 918 2774 tibi
954 2727 1131 2789 gratias
1169 2741 1409 2789 agamque
1445 2727 1562 2774 dum
1587 2728 1741 2776 vivam
1759 2744 1771 2788 ;

194 2824 309 2856 nam
347 2809 607 2856 relaturum
648 2823 725 2855 me
762 2808 1014 2856 adfirmare
1054 2823 1154 2856 non
1191 2823 1421 2871 possum:
1466 2809 1608 2858 tantis
1645 2811 1775 2859 enim
