2040 3048
308 132 408 188 192
762 130 826 170 M.
866 130 1065 168 TULLII
1101 131 1412 170 CICERONIS
1664 123 1775 191 [Pars
1801 134 1871 176 ιν.

616 305 695 350 89.
769 300 862 349 AD
899 301 1318 350 FAMILIARES
1357 303 1443 351 IX.
1488 303 1561 364 17.

542 395 651 445 Sca.
691 387 874 443 ROMAE'
906 411 1061 444 MENSE
1101 396 1298 445 SEXTILI
1334 413 1472 446 A.u.c.
1514 399 1624 458 708.

900 500 1069 533 CICERO
1106 500 1274 534 PAETO.

377 596 418 629 1.
455 579 568 629 NON
601 588 650 627 tu
683 579 832 628 homo
866 579 1090 627 ridiculus
1123 596 1190 637 es,
1223 581 1318 643 qui,
1352 596 1463 629 cum
1501 581 1680 631 Balbus
1713 592 1877 632 noster

304 662 432 724 apud
468 670 514 709 te
552 662 701 720 fuerit,
738 677 796 709 ex
844 677 923 709 me
960 676 1175 724 quaeras,
1214 662 1328 725 quid
1365 663 1424 710 de
1461 663 1561 711 istis
1604 665 1875 728 municipiis

304 752 350 791 et
375 743 500 806 agris
534 742 743 791 futurum
776 744 974 806 putem?
1012 743 1148 806 quasi
1181 752 1262 791 aut
1295 759 1389 806 ego
1418 745 1679 808 quicquam
1712 747 1874 803 sciam,

303 826 436 887 quod
473 825 561 873 iste
603 825 799 882 nesciat,
843 832 935 882 aut,
977 825 1015 872 si
1054 824 1170 887 quid
1212 825 1471 891 aliquando
1514 828 1629 886 scio,
1668 843 1769 876 non
1816 845 1875 877 ex

303 907 395 955 isto
438 906 620 954 soleam
669 907 802 954 scire.
877 906 1036 953 Immo
1077 921 1206 964 vero,
1246 907 1285 954 si
1333 923 1411 955 me
1450 923 1599 966 amas,
1630 917 1679 956 tu
1716 908 1791 958 fac
1826 921 1876 959 ut

304 988 468 1045 sciam,
503 987 619 1049 quid
656 987 715 1035 de
751 987 892 1034 nobis
928 986 1139 1034 futurum
1176 988 1261 1048 sit;
1305 988 1510 1037 habuisti
1546 991 1675 1039 enim
1711 992 1761 1039 in
1797 1000 1878 1041 tua

302 1076 553 1131 potestate,
588 1085 648 1116 ex
685 1083 783 1131 quo
819 1067 891 1116 vel
928 1084 986 1116 ex
1025 1069 1187 1117 sobrio
1219 1069 1292 1117 vel
1328 1078 1455 1119 certe
1490 1086 1551 1119 ex
1586 1072 1719 1120 ebrio
1757 1075 1875 1122 scire

303 1167 488 1214 posses.
562 1151 655 1199 Sed
693 1166 786 1214 ego
822 1153 926 1210 ista,
963 1152 1029 1198 mi
1067 1152 1227 1211 Paete,
1268 1168 1369 1201 non
1411 1169 1619 1217 quaero:
1670 1156 1875 1218 primum

304 1234 416 1296 quia
452 1234 511 1281 de
554 1234 687 1281 lucro
725 1248 878 1296 prope
919 1233 1015 1281 iam
1051 1234 1420 1296 quadriennium
1462 1237 1678 1296 vivimus,
1718 1238 1758 1286 si
1798 1247 1879 1287 aut

303 1316 396 1363 hoc
433 1316 618 1363 lucrum
655 1323 727 1364 est
770 1322 849 1365 aut
884 1315 1004 1363 haec
1040 1316 1149 1374 vita,
1187 1317 1494 1379 superstitem
1541 1320 1608 1367 rei
1657 1320 1878 1383 publicae

303 1398 457 1445 vivere
474 1414 486 1456 ;
525 1397 715 1456 deinde,
747 1397 878 1460 quod
913 1397 1032 1446 scire
1065 1414 1142 1461 ego
1175 1413 1370 1462 quoque
1401 1400 1516 1448 mihi
1549 1401 1727 1460 videor,
1763 1403 1877 1465 quid

305 1479 515 1528 futurum
550 1480 639 1528 sit:
679 1479 759 1527 fiet
792 1479 921 1527 enim
946 1480 1288 1543 quodcumque
1321 1482 1482 1533 volent
1515 1483 1595 1546 qui
1628 1484 1876 1544 valebunt;

304 1562 528 1609 valebunt
570 1569 734 1609 autem
777 1576 969 1623 semper
1007 1577 1152 1610 arma.
1225 1562 1352 1611 Satis
1399 1564 1542 1626 igitur
1587 1566 1730 1614 nobis
1772 1581 1878 1614 esse

306 1644 448 1691 debet
484 1643 714 1706 quicquid
750 1643 1055 1691 conceditur:
1104 1643 1198 1691 hoc
1235 1644 1274 1691 si
1311 1645 1392 1707 qui
1428 1647 1526 1707 pati
1567 1661 1668 1694 non
1709 1649 1878 1709 potuit,

305 1726 428 1774 mori
453 1725 628 1773 debuit.
703 1742 744 1773 2.
782 1725 1035 1773 Veientem
1069 1725 1265 1788 quidem
1297 1742 1467 1789 agrum
1501 1736 1548 1776 et
1582 1727 1879 1792 Capenatem

306 1808 591 1867 metiuntur;
642 1807 737 1855 hoc
784 1823 885 1856 non
933 1807 1079 1870 longe
1126 1809 1262 1856 abest
1304 1824 1332 1855 a
1381 1809 1675 1859 Tusculano.
1746 1812 1878 1859 Nihil

307 1898 470 1938 tamen
506 1890 680 1937 timeo:
723 1889 867 1947 fruor,
904 1889 1020 1938 dum
1055 1890 1190 1949 licet:
1241 1898 1373 1953 opto,
1410 1898 1461 1939 ut
1497 1907 1688 1955 semper
1722 1893 1875 1943 liceat.

310 1971 360 2019 Si
401 1972 450 2019 id
491 1972 651 2019 minus
694 1972 960 2034 contigerit,
1006 1979 1183 2029 tamen,
1224 1973 1457 2034 quoniam
1499 1989 1592 2035 ego
1634 1975 1702 2022 vir
1743 1975 1879 2024 fortis

308 2053 532 2115 idemque
591 2053 909 2115 philosophus
961 2055 1114 2102 vivere
1166 2054 1539 2116 pulcherrimum
1595 2056 1724 2114 duxi,
1777 2073 1879 2106 non

308 2150 509 2197 possum
547 2150 658 2181 eum
695 2150 796 2182 non
833 2135 1040 2198 diligere,
1071 2135 1205 2184 cuius
1241 2136 1476 2184 beneficio
1506 2137 1554 2185 id
1590 2147 1878 2187 consecutus

309 2231 445 2264 sum:
483 2216 564 2277 qui
598 2217 635 2264 si
670 2217 831 2278 cupiat
870 2232 976 2264 esse
1014 2232 1117 2264 rem
1154 2217 1413 2279 publicam,
1447 2218 1639 2282 qualem
1676 2220 1878 2270 fortasse

308 2306 356 2346 et
389 2298 465 2345 ille
494 2298 593 2345 volt
625 2305 672 2346 et
704 2313 876 2346 omnes
909 2306 1077 2360 optare
1111 2298 1360 2355 debemus,
1391 2300 1506 2362 quid
1542 2300 1685 2350 faciat
1717 2309 1879 2355 tamen

307 2395 406 2427 non
445 2379 618 2437 habet;
674 2380 737 2427 ita
779 2395 830 2428 se
873 2395 982 2427 cum
1023 2380 1182 2428 multis
1225 2380 1476 2443 colligavit.
1547 2382 1644 2430 Sed
1690 2383 1879 2446 longius

307 2461 619 2523 progredior;
677 2462 834 2509 scribo
878 2463 1006 2511 enirn
1051 2462 1113 2510 ad
1154 2471 1213 2509 te.
1289 2479 1332 2523 3.
1370 2463 1485 2511 Hoc
1533 2472 1694 2512 tamen
1745 2467 1878 2523 scito,

307 2558 407 2590 non
441 2544 590 2591 modo
625 2559 717 2601 me,
744 2544 824 2606 qui
859 2544 1071 2592 consiliis
1104 2560 1204 2592 non
1237 2544 1483 2604 intersum,
1511 2546 1596 2594 sed
1629 2562 1690 2594 ne
1721 2547 1878 2609 ipsum

309 2626 500 2687 quidem
552 2627 821 2689 principem
870 2627 1003 2683 scire,
1049 2626 1164 2689 quid
1211 2626 1422 2685 futurum
1472 2628 1557 2686 sit;
1612 2643 1703 2677 nos
1749 2629 1879 2676 enim

308 2707 369 2753 illi
403 2707 648 2764 servimus,
675 2707 777 2770 ipse
815 2708 1142 2769 temporibus:
1180 2708 1243 2755 ita
1275 2724 1364 2756 nec
1399 2708 1487 2766 ille,
1514 2709 1628 2771 quid
1661 2717 1879 2771 tempora

307 2786 605 2850 postulatura
631 2788 737 2849 sint,
758 2803 849 2837 nec
876 2803 976 2847 ηοε,
1000 2788 1114 2852 quid
1139 2788 1215 2837 ille
1240 2790 1431 2851 cogitet,
1458 2791 1578 2838 scire
1603 2805 1875 2852 possumus·

2023 296 2040 1050 ....-n—m—Qm—.—4
2034 250 2040 282 ..-
2038 212 2040 214 .
