2040 3048
339 98 406 167 58
817 109 879 148 M.
925 107 1122 147 TULLII
1158 106 1468 146 CICERONIS
1714 93 1825 163 [Pars
1853 107 1906 148 11.

691 359 770 406 22.
842 334 936 413 AD
973 330 1390 412 FAMILIARES
1428 356 1466 403 1.
1508 356 1549 403 2.

393 453 499 504 ScR.
540 454 719 502 ROMAE
756 470 798 501 A.
824 469 867 501 n.
906 439 1000 501 'xv1.
1044 452 1171 501 KAL.
1216 452 1523 500 FEBRUARIAS
1560 466 1695 501 A.U.c.
1736 453 1846 512 698.

648 557 699 590 M.
736 557 905 591 cmERo
940 556 977 590 s,
1001 557 1046 591 D.
1070 556 1111 590 P.
1150 556 1376 590 LENTULO
1412 555 1598 590 PRocos

413 655 453 688 1.
502 639 666 687 Inrssus
714 637 948 686 Ianuariis
995 637 1044 685 in
1092 645 1260 685 senatu
1316 638 1431 684 nihil
1487 644 1562 686 est
1613 637 1904 694 confectum,

340 729 593 784 propterea
639 719 768 783 quod
810 721 912 768 dies
958 734 1139 782 magna
1185 735 1244 767 ex
1291 728 1424 781 parte
1472 728 1790 787 consumptus
1837 726 1909 766 est

339 804 646 851 altercatione
689 802 880 850 Lentuli
917 802 1130 850 consulis
1178 810 1226 850 et
1262 801 1454 850 Caninii
1488 803 1664 850 tribuni
1699 802 1762 864 pl.
1831 800 1909 849 Eo

339 886 417 933 die
462 899 576 933 nosv
598 899 793 946 quoque
841 884 991 931 multa
1036 884 1181 931 verba
1226 883 1429 932 fecimus
1476 884 1781 946 maximeque
1823 884 1908 931 visi

341 982 506 1014 sumus
554 974 777 1014 senatum
825 967 1287 1013 commemoratione
1334 974 1444 1013 tuae
1490 966 1746 1014 voluntatis
1794 981 1910 1028 erga

324 1049 472 1095 villum
520 1048 741 1096 ordinem
788 1061 1082 1109 permovere.
1154 1047 1324 1109 Itaque
1366 1048 1595 1110 postridie
1630 1048 1824 1111 placuit,
1861 1058 1912 1096 ut

341 1129 544 1178 breviter
568 1128 829 1177 sententias
855 1129 1121 1176 diceremus
1139 1144 1153 1188 ;
1183 1129 1431 1178 videbatur
1454 1130 1584 1178 enim
1609 1130 1913 1178 reconciliata

342 1213 483 1259 nobis
531 1211 751 1259 voluntas
799 1226 904 1258 esse
952 1219 1159 1269 senatus,
1209 1211 1342 1274 quod
1389 1227 1500 1259 curn
1548 1211 1770 1271 dicendo,
1811 1207 1913 1260 turn

343 1294 542 1357 singulis
590 1293 887 1356 appellandis
935 1293 1258 1355 rogandisque
1306 1308 1659 1357 perspexeram.
1741 1295 1910 1358 Itaque

343 1390 455 1424 curn
502 1376 739 1424 sententia
786 1376 941 1437 prima
987 1375 1145 1423 Bibuli
1191 1377 1499 1438 pronuntiata
1540 1384 1680 1433 esset,
1719 1385 1771 1425 ut
1815 1386 1911 1426 tres

344 1458 488 1520 legati
528 1473 693 1520 regem
733 1458 1029 1514 reducerent,
1070 1457 1284 1505 secunda
1322 1456 1587 1517 Hortensii,
1633 1466 1686 1507 ut
1720 1468 1772 1507 tu
1809 1460 1912 1508 sine

345 1542 555 1588 exercitu
578 1540 846 1597 reduceres,
872 1539 1007 1586 tertia
1031 1538 1250 1597 Volcatii‚
1277 1547 1329 1587 ut
1352 1539 1613 1602 Pompeius
1650 1540 1909 1599 reduceret,

344 1622 637 1686 postulatum
663 1630 748 1680 est,
772 1630 826 1669 ut
849 1620 1004 1668 Bibuli
1031 1622 1267 1668 sententia
1292 1618 1593 1671 divideretur.
1660 1622 1913 1682 Quatenus

347 1706 406 1753 de
454 1704 685 1766 religione
733 1704 933 1761 dicebat,
985 1703 1074 1751 cui*
1108 1703 1303 1766 quidem
1350 1704 1418 1752 rei
1465 1705 1562 1751 iam
1591 1700 1771 1754 obsisti
1812 1722 1913 1755 non

344 1794 546 1851 poterat,
572 1784 746 1834 Bibulo
771 1784 1031 1833 adsensum
1057 1793 1158 1843 est;
1194 1785 1254 1833 de
1278 1786 1428 1834 tribus
1447 1786 1616 1848 legatis
1640 1787 1914 1850 frequentes

344 1870 499 1916 ierunt
521 1869 570 1915 in
596 1868 686 1916 alia
710 1868 889 1914 omnia.
942 1883 986 1915 2.
1022 1865 1248 1914 Proxima
1273 1875 1371 1915 erat
1391 1867 1641 1916 Hortensii
1666 1872 1913 1927 sententia,

346 1965 458 1999 cum
482 1950 666 2012 Lupus,
691 1949 908 1996 tribunus
934 1947 1013 2010 pL,
1040 1949 1173 2010 quod
1197 1949 1301 2011 ipse
1327 1949 1386 1997 de
1412 1949 1649 2012 Pompeio
1667 1951 1912 2011 retulisset,

345 2031 594 2080 intendere
641 2030 813 2092 coepit,
854 2037 964 2078 ante
1003 2045 1055 2078 se
1097 2038 1320 2092 oportere
1368 2030 1714 2080 discessionem
1762 2034 1916 2083 facere

346 2129 491 2177 quam
539 2110 777 2161 consules.
847 2110 964 2159 Eius
1006 2112 1210 2159 orationi
1247 2112 1553 2161 vehementer
1587 2115 1648 2161 ab
1690 2117 1916 2166 omnibus

346 2196 656 2246 reclamatum
688 2201 761 2241 est
778 2209 790 2252 ;
828 2201 929 2241 erat
957 2194 1086 2241 enim
1119 2202 1165 2241 et
1194 2195 1357 2256 iniqua
1388 2202 1435 2242 et
1466 2209 1604 2244 nova.
1677 2195 1916 2248 Consules

347 2293 506 2342 neque
539 2276 875 2325 concedebant
907 2291 1064 2338 neque
1095 2275 1231 2323 valde
1265 2278 1614 2338 repugnabant,
1643 2279 1771 2342 diem
1797 2297 1913 2330 con—

344 2359 469 2406 sumi
502 2359 756 2418 volebant;
797 2358 846 2407 id
878 2360 1009 2424 quod
1045 2367 1116 2409 est
1151 2360 1360 2410 factum:
1403 2362 1754 2425 perspiciebant
1786 2364 1914 2411 enim

341 2440 390 2486 in
438 2439 686 2493 Hortensii
737 2441 1021 2489 sententiam
1069 2442 1232 2489 multis
1279 2444 1497 2505 partibus
1544 2444 1703 2507 plures
1748 2446 1912 2504 ituros,

341 2534 636 2582 quamquam
679 2529 840 2584 aperte
881 2520 1107 2571 Volcatio
1149 2522 1513 2573 adsentirentur.
1588 2523 1730 2572 Multi
1772 2540 1914 2587 roga-

342 2603 529 2661 bantur,
565 2609 709 2665 atque
739 2603 789 2649 id
822 2603 979 2665 ipsum
1012 2604 1289 2652 consulibus
1323 2605 1507 2664 invitis3
1544 2616 1667 2653 nam·
1691 2607 1722 2653 ii
1755 2605 1913 2654 Bibuli

329 2684 627 2748 ¹sententiam
655 2684 811 2733 valere
831 2685 1108 2746 cupierunt.
1181 2702 1224 2746 3.
1264 2685 1374 2734 Hac
1406 2688 1729 2735 controversia
1758 2701 1912 2750 usque

343 2764 402 2812 ad
434 2773 626 2811 noctem
653 2764 791 2812 ducta
822 2775 1016 2813 senatus
1052 2765 1274 2814 dimissus
1305 2775 1390 2814 est.
1461 2767 1570 2829 Ego
1600 2783 1660 2816 eo
1689 2767 1766 2816 die
1797 2782 1915 2816 casu·
