2040 3048
364 164 466 217 230
833 160 896 202 M.
940 159 1140 199 TULLII
1177 161 1492 200 CICERONIS
1742 150 1863 217 [Pars
1890 163 1938 204 v.

358 289 474 336 mihi
500 290 691 352 saepius
718 297 790 337 est
827 289 979 338 ‘Cato
1010 290 1193 339 maior'
1231 290 1292 339 ad
1326 299 1372 339 te
1406 291 1611 350 missus;
1651 291 1938 339 amariorem

357 372 488 419 enim
524 387 603 419 me
641 379 863 420 senectus
898 372 1023 421 facit.
1097 372 1388 421 Stomachor
1429 374 1609 421 omnia.
1683 373 1779 421 Sed
1821 372 1939 421 mihi

358 454 555 517 quidem
578 456 804 511 βεβίωται.
878 454 1101 503 Viderint
1125 456 1338 505 iuvenes.
1409 456 1490 504 Tu
1516 470 1626 503 mea
1659 456 1863 514 curabis,
1888 464 1940 503 ut

360 552 513 584 curas.
588 553 632 596 4.
688 536 828 586 Haec
876 537 1049 600 scripsi
1098 553 1183 586 seu
1231 538 1405 586 dictavi
1453 537 1678 600 apposita
1725 538 1940 586 secunda

360 633 530 667 mensa
561 619 694 682 apud
717 619 1013 668 Vestorium.
1084 618 1322 668 Postridie
1358 620 1489 683 apud
1513 620 1727 668 Hirtium
1755 621 1939 683 cogita-

359 701 488 759 bam,
515 709 562 748 et
598 701 794 765 quidem
829 703 1122 751 πεντέλοιπον.
1199 701 1276 750 Sic
1305 702 1554 750 hominem
1591 702 1839 751 traducere
1875 703 1939 751 ad

358 783 617 845 optimates
660 799 793 847 paro,
864 788 1000 846 Λῆρος
1046 784 1196 832 πολύς.
1270 784 1432 833 Nemo
1482 793 1553 833 est
1601 785 1815 844 istorum,
1856 785 1938 848 qui

359 866 514 912 otium
560 880 663 914 non
710 866 888 914 timeat.
961 865 1074 925 Qua
1120 882 1170 914 re
1217 867 1383 915 talaria
1423 867 1697 926 videamus3
1751 867 1939 931 quidvis

359 948 488 995 enim
538 947 699 1010 potius
748 963 894 1011 quam
945 956 1112 996 castra.
1183 948 1371 997 Atticae
1427 949 1628 997 salutem
1682 949 1937 1012 plurimam

358 1030 500 1077 velim
549 1030 694 1078 dicas.
767 1029 1015 1093 Exspecto
1064 1029 1253 1078 Octavii
1302 1031 1584 1079 contionem
1641 1038 1688 1079 et
1735 1032 1775 1079 si
1824 1031 1937 1094 quid

358 1111 500 1170 aliud,
527 1112 738 1159 maxime
772 1120 949 1170 autem,
975 1112 1151 1174 ecquid
1174 1112 1430 1161 Dolabella
1454 1113 1624 1161 tinniat
1650 1128 1711 1160 an
1743 1113 1794 1160 in
1826 1128 1939 1161 meo

357 1193 557 1242 nomine
581 1193 768 1242 tabulas
794 1209 945 1242 novas
970 1193 1148 1242 fecerit.

661 1328 770 1373 113.
844 1324 939 1372 AD
977 1324 1402 1373 FAMILIARES
1439 1325 1526 1373 XI.
1569 1336 1643 1387 27.

523 1418 633 1469 SCR.
669 1435 720 1468 IN
757 1420 1055 1470 TUSCULANO
1090 1437 1133 1468 v.
1175 1420 1303 1469 KAL.
1342 1421 1447 1469 Iun.
1483 1436 1622 1470 Aue.
1661 1432 1775 1482 710.

838 1506 932 1577 [M.]
971 1527 1142 1560 crcERo
1178 1526 1331 1560 MATIO
1366 1526 1468 1559 SAL.

435 1621 474 1654 1.
512 1605 734 1655 Nonmm
769 1607 882 1654 satis
917 1607 1143 1655 constitui
1178 1606 1492 1654 molestiaene
1529 1606 1636 1668 plus
1671 1622 1734 1655 an
1769 1606 1937 1668 volup-

359 1689 468 1737 tatis
511 1688 718 1736 attulerit
756 1688 873 1735 mihi
907 1688 1166 1736 Trebatius
1207 1696 1384 1746 noster,
1423 1687 1574 1736 homo
1613 1703 1725 1735 cum
1767 1688 1939 1751 plenus

360 1771 516 1829 officii,
554 1778 657 1818 tum
694 1770 938 1833 utriusque
974 1778 1194 1818 nostrum
1231 1770 1616 1819 amantissimus:
1664 1785 1779 1818 nam
1827 1786 1939 1818 cum

359 1853 408 1900 in
445 1852 781 1900 Tusculanum
817 1852 1005 1915 vesperi
1041 1852 1294 1911 venissem,
1334 1852 1565 1915 postridie
1613 1852 1689 1900 ille
1738 1852 1799 1900 ad
1844 1867 1937 1906 me,

358 1935 579 1983 nondum
607 1935 719 1983 satis
739 1934 878 1982 firmo
904 1949 1108 1997 corpore
1134 1950 1244 1982 cum
1271 1942 1411 1992 esset,
1437 1949 1580 1982 mane
1600 1934 1729 1983 venit
1742 1949 1756 1993 ;
1793 1949 1939 1996 quem

359 2034 470 2066 curn
496 2019 820 2080 obiurgarem,
841 2017 974 2080 quod
999 2032 1170 2079 pamm
1188 2016 1445 2064 valetudini
1471 2025 1700 2079 parceret,
1721 2024 1823 2064 tum
1846 2016 1939 2075 ille,

358 2100 475 2146 nihil
524 2100 613 2147 sibi
654 2098 848 2160 longius
898 2098 1058 2156 fuisse,
1097 2113 1245 2161 quam
1292 2105 1345 2145 ut
1392 2114 1471 2146 me
1509 2098 1700 2146 videret.
1776 2097 1939 2145 ‘Num

359 2177 621 2246 quidnam'
681 2181 880 2243 inquam
943 2178 1147 2228 ‘novi?'
1218 2180 1402 2227 Detulit
1456 2180 1519 2228 ad
1566 2196 1645 2228 me
1692 2180 1938 2243 querelam

358 2274 507 2323 tuam,
545 2263 605 2312 de
641 2278 738 2326 qua
773 2263 906 2325 prius
947 2277 1095 2325 quam
1137 2262 1414 2324 respondeo
1456 2276 1612 2324 pauca
1648 2277 1934 2324 proponam.

362 2363 403 2395 2.
441 2345 692 2405 Quantum
728 2344 964 2392 memoria
999 2351 1213 2406 repetere
1246 2343 1499 2405 praeterita
1531 2358 1747 2405 possum,
1784 2356 1932 2389 nemo

359 2436 432 2477 est
464 2428 581 2474 mihi
614 2434 660 2474 te
697 2426 881 2474 amicus
917 2425 1192 2487 antiquior3
1230 2424 1316 2472 sed
1340 2432 1549 2472 vetustas
1579 2424 1724 2472 habet
1759 2422 1939 2487 aliquid

362 2524 624 2558 commune
649 2523 761 2556 cum
786 2507 962 2566 multis,
983 2521 1119 2553 amor
1143 2520 1245 2553 non
1270 2505 1414 2553 habet
1438 2522 1449 2552 :
1489 2505 1637 2553 dilexi
1659 2513 1719 2563 te,
1740 2520 1838 2568 quo
1863 2505 1938 2552 die

362 2591 584 2654 cognovi,
610 2605 786 2652 meque
812 2606 841 2637 a
866 2597 911 2636 te
938 2589 1068 2651 diligi
1095 2588 1313 2635 iudicavi.
1386 2588 1527 2635 Tuus
1560 2588 1733 2635 deinde
1764 2589 1939 2636 disces-

363 2689 457 2732 sus,
485 2673 621 2735 isque
657 2673 920 2729 diuturnus,
946 2670 1144 2718 ambitio
1178 2679 1342 2717 nostra
1375 2679 1421 2717 et
1446 2671 1567 2718 vitae
1601 2669 1939 2718 dissimilitudo

365 2771 464 2803 non
501 2764 573 2802 est
608 2769 752 2817 passa
784 2753 1054 2801 voluntates
1090 2760 1279 2799 nostras
1315 2752 1663 2800 consuetudine
1699 2751 1937 2813 congluti-

363 2838 495 2898 nari,
533 2845 668 2884 tuum
698 2845 860 2884 tamen
893 2850 1008 2897 erga
1040 2850 1120 2883 me
1153 2834 1368 2882 animum
1403 2834 1576 2897 agnovi
1606 2833 1765 2881 multis
1796 2833 1935 2882 annis

2037 1599 2040 1601 .
2036 1550 2040 1555 .
2031 1391 2040 1531 ..—-—.*
2032 1364 2040 1378 -¹
2033 1081 2040 1351 ⁴———..——-—=—
2031 1051 2040 1064 u
2036 1014 2040 1038 --
