2040 3048
312 103 332 142 1
343 90 374 140 8
733 96 796 139 M.
840 95 1037 135 TULLII
1074 93 1385 135 CICERONIS
1698 78 1812 151 [Pars
1840 94 1869 133 1.

306 228 643 287 commoverit;
710 242 917 289 quorum
966 226 1163 274 Catulus
1212 242 1323 274 cum
1370 226 1563 273 vidisset
1612 223 1870 287 quendam,

306 310 453 372 ‘quid
476 308 593 357 vos'
632 308 784 370 inquit
821 306 1143 369 ‘praesidium
1169 322 1197 353 a
1231 307 1374 355 nobis
1410 305 1760 369 postulabatis?
1810 319 1872 351 an

303 407 364 440 ne
388 390 574 439 nummi
598 390 734 437 vobis
760 388 1054 450 eriperentur
1093 385 1375 453 [timebatis]
1399 388 1444 435 ?'
1518 389 1562 434 6.
1613 386 1795 444 Habes,
1822 393 1873 432 ut

302 470 578 519 brevissime
625 470 774 532 potui,
823 484 978 532 genus
1018 469 1177 516 iudicii
1219 477 1265 517 et
1306 484 1503 517 causam
1542 467 1872 516 absolutionis.

302 552 507 611 Quaeris
532 551 775 613 deinceps,
801 551 882 614 qui
907 565 1036 598 nunc
1073 551 1132 598 sit
1157 558 1305 598 status
1331 566 1488 597 rerum
1525 558 1572 596 et
1597 550 1678 612 qui
1703 563 1840 595 meus
1860 562 1870 595 :

301 634 367 681 rei
391 633 611 696 publicae
651 640 829 680 statum
875 632 1022 689 illum,
1072 647 1217 695 quem
1265 640 1316 680 tu
1363 646 1474 679 meo
1518 632 1734 688 consilio,
1779 644 1872 692 ego

302 712 462 759 divino
511 710 847 758 confirmatum
906 703 1150 772 putabam,
1211 711 1293 772 qui
1352 711 1595 758 bonorum
1653 708 1872 756 omnium

303 793 642 840 coniunctione
667 800 714 840 et
738 792 1018 840 auctoritate
1043 791 1319 841 consulatus
1351 792 1446 838 mei
1473 791 1596 838 fixus
1632 799 1679 838 et
1703 790 1872 838 funda·

302 882 377 921 tus
402 873 662 931 videbatur,
689 874 781 922 nisi
805 875 913 937 quis
937 887 1036 925 nos
1068 873 1185 920 deus
1209 873 1484 935 respexerit,
1510 873 1728 934 elapsum
1753 872 1872 918 scito

303 969 408 1002 esse
441 955 501 1002 de
530 955 755 1002 manibus
779 969 879 1002 uno
903 954 998 1002 hoc
1023 946 1216 1012 iudicio,
1242 954 1281 1001 si
1305 954 1534 1002 iudicium
1570 962 1657 1012 est,
1682 954 1874 1014 triginta

303 1034 524 1084 homines
548 1036 716 1098 populi
743 1035 956 1083 Romani
987 1035 1257 1083 levissimos
1289 1051 1346 1084 ac
1378 1035 1702 1097 nequissimos
1733 1049 1872 1082 num·

303 1117 444 1165 mulis
470 1118 682 1181 acceptis
706 1118 862 1176 iusac
885 1116 958 1164 fas
982 1132 1128 1165 omne
1153 1117 1309 1165 delere
1334 1125 1392 1176 et,
1420 1118 1552 1180 quod
1577 1131 1750 1165 omnes
1773 1131 1874 1164 non

305 1198 453 1247 modo
478 1199 714 1257 homines,
739 1214 904 1259 verum
941 1199 1085 1246 etiam
1109 1199 1321 1261 pecudes
1347 1199 1526 1246 factum
1563 1214 1670 1246 esse
1707 1198 1871 1256 sciant,

304 1279 352 1327 id
394 1279 638 1328 Thalnam
678 1288 726 1327 et
763 1278 986 1327 Plautum
1023 1288 1072 1328 et
1116 1280 1384 1343 Spongiam
1422 1288 1469 1328 et
1510 1291 1694 1329 ceteras
1732 1281 1873 1328 huius

305 1361 438 1409 modi
463 1361 743 1424 quisquilias
769 1368 976 1408 statuere
1000 1376 1267 1423 numquam
1293 1377 1399 1409 esse
1423 1361 1618 1410 factum.
1695 1373 1738 1423 7.
1778 1361 1874 1408 Sed

305 1451 481 1500 tamen,
507 1450 560 1490 ut
586 1450 630 1490 te
656 1441 716 1490 de
741 1457 791 1489 re
824 1442 1017 1504 publica
1041 1443 1280 1500 consoler,
1306 1458 1407 1491 non
1442 1443 1521 1501 ita,
1546 1451 1599 1491 ut
1623 1451 1875 1506 sperarunt

306 1523 431 1582 mali,
457 1532 590 1571 tanto
626 1524 855 1586 imposito
892 1524 960 1571 rei
992 1524 1212 1588 publicae
1237 1525 1428 1572 volnere
1465 1525 1634 1572 alacris
1670 1525 1874 1573 exsultat

306 1606 584 1669 improbitas
627 1606 675 1652 in
690 1606 935 1672 victoria3
992 1621 1107 1653 nam
1148 1607 1291 1669 plane
1329 1607 1395 1654 ita
1427 1615 1726 1669 putaverunt,
1762 1622 1873 1655 cum

306 1687 486 1758 religio,
512 1702 624 1734 cum
649 1663 891 1748 pudicitia,
918 1703 1028 1735 cum
1064 1688 1348 1736 iudiciorum
1383 1688 1516 1746 fides,
1543 1704 1654 1736 cum
1679 1697 1874 1737 senatus

308 1768 563 1843 auctoritas
601 1768 907 1828 concidisset,
944 1769 1046 1817 fore
1083 1778 1134 1818 ut
1169 1778 1332 1832 aperte
1369 1770 1534 1818 victrix
1570 1771 1782 1839 nequitia
1818 1786 1873 1819 ac

307 1849 453 1898 libido
478 1865 665 1912 poenas
689 1851 750 1898 ab
775 1851 962 1912 optimo
987 1866 1183 1914 quoque
1206 1860 1391 1914 peteret
1415 1852 1486 1900 sui
1511 1833 1703 1910 doloris,
1729 1868 1873 1914 quem

308 1931 668 1994 improbissimo
703 1932 875 1994 cuique
915 1933 1151 1981 inusserat
1184 1934 1408 1982 severitas
1447 1933 1725 1982 consulatus
1765 1933 1873 1980 mei.

311 2015 354 2061 8.
426 2011 566 2060 Idem
625 2027 718 2075 ego
771 2013 1018 2061 ille--non
1066 2015 1196 2061 enim
1242 2015 1358 2062 mihi
1403 2015 1568 2063 videor
1614 2015 1876 2063 insolenter

309 2094 513 2157 gloriari,
553 2109 665 2141 cum
708 2095 768 2142 de
810 2110 888 2142 me
930 2095 1062 2157 apud
1103 2104 1149 2143 te
1187 2096 1376 2158 loquor,
1411 2097 1460 2143 in
1502 2112 1559 2144 ea
1595 2097 1874 2158 praesertim

310 2176 526 2239 epistola,
547 2191 693 2239 quam
718 2177 835 2224 nolo
862 2177 964 2224 aliis
988 2177 1296 2239 legi—idem,
1315 2179 1530 2240 inquam,
1549 2193 1643 2239 ego
1667 2180 1875 2226 recreavi

311 2257 530 2306 adflictos
568 2257 758 2305 animos
796 2258 1052 2317 bonorum,
1093 2274 1246 2306 unum
1288 2274 1529 2322 quemque
1568 2259 1876 2317 confirmans,

311 2340 556 2398 excitans;
621 2339 915 2388 insectandis
963 2355 1076 2388 vero
1137 2341 1536 2403 exagitandisque
1596 2342 1875 2389 nummariis

308 2422 546 2470 iudicibus
583 2436 781 2470 omnem
811 2422 1038 2469 omnibus
1076 2423 1304 2470 studiosis
1340 2438 1396 2470 ac
1434 2422 1713 2480 fautoribus,
1755 2423 1876 2470 illius

313 2503 534 2551 victoriae
568 2504 807 2564 παρρησίαν
835 2503 1000 2565 eripui,
1027 2503 1255 2551 Pisonem
1292 2503 1541 2567 consulem
1578 2504 1707 2550 nulla
1742 2504 1791 2550 in
1827 2520 1877 2552 re

313 2585 574 2652 consistere
608 2599 844 2659 umquam
884 2599 991 2632 sum
1029 2600 1216 2647 passus,
1243 2581 1537 2647 desponsam
1574 2584 1795 2632 homini
1783 2602 1877 2634 iam

317 2667 500 2728 Syriam
542 2647 715 2725 ademi,
759 2674 979 2714 senatum
1022 2666 1083 2714 ad
1115 2667 1363 2729 pristinam
1407 2682 1543 2714 suam
1580 2667 1878 2715 severitatem

311 2748 533 2797 revocavi
572 2757 715 2810 atque
757 2749 997 2797 abiectum
1040 2749 1256 2807 excitavi,
1302 2747 1529 2796 Clodium
1578 2757 1878 2812 praesentem
