2040 3048
289 79 389 136 252
762 81 826 120 M.
872 80 1069 120 TULLII
1105 81 1416 120 CICERONIS
1676 70 1787 139 [Pars
1812 82 1863 121 v.

285 220 395 253 cum
431 205 488 254 iis
524 213 710 254 tantum
750 207 930 269 negotii
963 214 1051 266 est,
1083 215 1136 255 ut
1168 215 1379 256 vestrum
1414 206 1530 255 illud
1566 206 1778 255 divinum
1814 206 1862 253 in

285 302 386 334 rem
423 287 665 349 publicam
702 288 993 336 beneficium
1030 304 1131 336 non
1167 288 1349 336 nullam
1392 289 1569 336 habeat
1605 287 1862 351 querelam.

286 367 435 426 Quod
471 384 583 416 vero
614 383 642 416 a
679 377 740 428 te,
771 370 871 417 viro
901 371 1104 433 optimo,
1131 370 1357 419 seductus
1395 378 1466 418 est
1502 379 1682 433 tuoque
1718 370 1864 417 bene-

287 450 395 498 ficio
439 450 595 498 adhuc
638 451 747 498 vivit
789 451 908 499 haec
953 452 1116 515 pestis,
1155 451 1409 510 interdum,
1453 452 1586 515 quod
1628 451 1744 498 mihi
1787 451 1864 498 vix

284 532 356 579 fas
390 541 474 590 est,
502 532 585 579 tibi
621 533 917 582 subirascor:
954 533 1071 581 mihi
1105 534 1234 581 enim
1270 534 1452 596 negotii
1490 523 1598 596 plus
1634 533 1863 596 reliquisti

283 614 366 661 uni
403 628 549 676 quarn
586 622 775 676 praeter
812 630 892 663 me
930 616 1170 663 omnibus.
1242 614 1309 663 Ut
1343 615 1472 662 enim
1508 615 1716 677 primurn
1752 621 1865 676 post

284 696 486 744 Antonii
541 696 875 745 foedissimum
931 697 1198 746 discessum
1253 705 1449 746 senatus
1501 697 1667 745 haberi
1719 697 1865 745 libere

285 779 453 841 potuit,
491 778 554 826 a'd
588 778 720 826 illum
756 780 972 826 animum
1007 795 1172 827 meum
1208 780 1378 827 reverti
1413 779 1680 841 pristinum,
1718 793 1865 840 quem

285 869 337 907 tu
362 875 474 908 cum
499 860 588 907 civi
621 862 870 919 acerrimo,
896 869 1033 924 patre
1071 869 1168 918 tuo,
1194 861 1243 908 in
1276 876 1361 909 ore
1393 870 1440 909 et
1473 876 1639 909 amore
1673 875 1865 923 semper

284 942 503 989 habuisti.
599 957 642 990 2.
678 941 809 989 Nam
858 958 970 990 cum
1020 950 1242 990 senatum
1289 958 1331 990 a.
1375 943 1421 990 d.
1466 958 1565 991 xm.
1615 942 1864 991 Kalendas

286 1024 534 1072 Ianuarias
569 1023 745 1071 tribuni
781 1024 846 1087 pl.
876 1025 1179 1072 vocavissent
1215 1025 1372 1087 deque
1409 1024 1499 1072 alia
1533 1039 1586 1072 re
1619 1024 1863 1083 referrent,

284 1113 437 1154 totam
483 1120 586 1154 rem
632 1105 876 1169 publicam
924 1121 1032 1153 sum
1079 1106 1363 1168 complexus
1411 1106 1585 1169 egique
1632 1107 1863 1154 acerrime

286 1195 601 1250 senatumque
645 1188 740 1235 iam
779 1187 1090 1250 languentem
1132 1195 1178 1235 et
1221 1187 1465 1235 defessum
1507 1188 1571 1236 ad
1613 1188 1864 1251 pristinam

285 1270 505 1317 virtutem
541 1270 1043 1332 consuetudinemque
1079 1271 1297 1318 revocavi
1334 1271 1490 1332 magis
1529 1270 1676 1318 animi
1715 1285 1862 1332 quam

286 1352 466 1414 ingenii
500 1352 690 1400 viribus.
762 1351 859 1400 Hic
893 1352 995 1399 dies
1031 1367 1238 1415 meaque
1273 1353 1520 1400 contentio
1557 1361 1701 1414 atque
1737 1352 1863 1399 actio

287 1448 425 1498 spem
461 1434 671 1496 primum
707 1434 890 1497 populo
928 1432 1157 1481 Romano
1193 1433 1343 1481 attulit
1378 1434 1603 1481 libertatis
1642 1448 1863 1496 recuper-

288 1516 471 1575 andae余
509 1532 600 1565 nec
635 1531 749 1564 vero
785 1517 888 1579 ipse
924 1524 1094 1578 postea
1127 1523 1319 1577 tempus
1354 1515 1503 1562 ullum
1538 1515 1771 1563 intermisi
1802 1515 1862 1562 de

287 1614 337 1646 re
393 1598 585 1660 publica
639 1613 740 1645 non
797 1597 1043 1660 cogitandi
1095 1597 1268 1656 solum,
1326 1598 1415 1645 sed
1468 1597 1612 1645 etiam
1670 1597 1860 1659 agendi.

292 1697 333 1742 3.
373 1679 523 1738 Quod
552 1680 642 1728 nisi
679 1695 755 1727 res
788 1681 995 1727 urbanas
1035 1686 1237 1741 actaque
1279 1679 1446 1726 omnia
1486 1678 1549 1726 ad
1584 1686 1631 1726 te
1667 1676 1864 1740 perferri

290 1762 552 1819 arbitrarer,
590 1762 694 1824 ipse
736 1762 1097 1824 perscriberem,
1135 1775 1432 1822 quamquam
1468 1775 1599 1808 eram
1640 1760 1864 1808 maximis

288 1843 687 1906 occupationibus
724 1843 996 1906 impeditus.
1072 1841 1168 1889 Sed
1204 1842 1282 1889 illa
1318 1856 1591 1905 cognosces
1628 1857 1688 1888 ex
1731 1841 1862 1900 aliis余

289 1942 318 1974 a
349 1941 428 1973 me
457 1941 628 1987 pauca,
654 1933 700 1973 et
731 1941 789 1972 ea
821 1924 1124 1972 summatim:
1162 1923 1397 1971 habemus
1426 1923 1598 1971 fortem
1628 1931 1863 1982 senatum,

289 2006 564 2055 consulares
589 2007 763 2069 partim
788 2005 996 2065 timidos,
1023 2005 1198 2067 partim
1223 2005 1349 2052 male
1375 2006 1648 2052 sentientes.
1721 2004 1862 2067 Mag-

288 2103 404 2135 num
443 2087 675 2134 damnum
712 2088 893 2136 factum
929 2097 999 2136 est
1041 2090 1091 2135 in
1132 2086 1309 2135 Servio.
1380 2087 1436 2136 L.
1463 2086 1645 2136 Caesar
1679 2087 1863 2150 optime

289 2170 444 2228 sentit,
470 2169 569 2229 sed,
596 2170 728 2233 quod
765 2170 1026 2218 avunculus
1063 2178 1149 2228 est,
1177 2185 1278 2217 non
1313 2170 1569 2217 acerrimas
1605 2169 1719 2217 dicit
1754 2184 1862 2216 sen-

289 2252 474 2300 tentias.
547 2251 784 2299 Consules
821 2252 1026 2314 egregii余
1071 2252 1344 2315 praeclarus
1381 2251 1442 2299 D.
1469 2250 1677 2310 Brutus余
1727 2266 1862 2313 egre-

289 2335 396 2396 gius
433 2348 553 2395 puer
590 2332 782 2391 Caesar,
811 2334 870 2380 de
907 2348 1004 2396 quo
1042 2348 1183 2396 spero
1220 2334 1446 2395 equidem
1481 2333 1675 2395 reliqua.
1748 2332 1863 2382 Hoc

289 2429 401 2463 vero
435 2424 618 2463 certum
647 2415 838 2473 habeto,
864 2416 954 2463 nisi
988 2415 1063 2463 ille
1093 2424 1344 2463 veteranos
1375 2415 1587 2462 celeriter
1618 2416 1863 2478 conscrip-

291 2499 429 2545 sisset
469 2496 781 2560 legionesque
824 2497 947 2544 duae
986 2496 1046 2544 de
1085 2497 1295 2545 exercitu
1333 2497 1532 2543 Antonii
1572 2497 1634 2543 ad
1673 2497 1774 2544 eius
1811 2512 1862 2544 se

291 2580 622 2626 auctoritatem
656 2579 972 2626 contulissent
1008 2587 1151 2641 atque
1186 2579 1226 2627 is
1260 2578 1512 2640 oppositus
1549 2586 1676 2625 esset
1710 2586 1862 2625 terror

292 2660 520 2718 Antonio,
555 2660 671 2707 nihil
707 2661 976 2708 Antonium
1014 2660 1216 2718 sceleris,
1250 2660 1366 2706 nihil
1399 2659 1686 2707 crudelitatis
1722 2675 1860 2721 prae-

289 2742 537 2789 teriturum
573 2741 729 2791 fuisse.
801 2741 941 2789 Haec
977 2742 1076 2800 tibi,
1113 2742 1201 2790 etsi
1244 2741 1404 2789 audita
1440 2756 1547 2788 esse
1582 2741 1857 2799 arbitrabar,
