2040 3048
265 69 297 121 8
734 80 792 120 M.
833 81 1031 120 TULLII
1067 80 1381 120 CICERONIS
1654 67 1768 134 [Pars
1800 76 1834 118 1.

264 241 643 284 conservassem,
682 234 825 289 atque
862 227 1119 273 abeuntem
1154 225 1436 287 magistratu
1477 223 1717 272 contionis
1755 222 1837 269 ha-

262 309 451 356 bendae
478 314 716 370 potestate
740 308 936 369 privavit
951 324 964 365 3
999 308 1133 355 cuius
1159 307 1329 354 iniuria
1346 306 1463 353 mihi
1482 314 1644 353 tamen
1664 303 1837 352 honori

264 403 458 437 summo
500 388 615 437 fuit:
664 404 794 447 nam,
835 403 946 435 curn
987 388 1063 436 ille
1100 388 1218 435 mihi
1259 386 1374 435 nihil
1411 387 1503 435 nisi
1539 394 1592 435 ut
1633 387 1837 433 iurarem

265 470 574 532 permitteret,
622 484 803 532 magna
857 483 977 517 voce
1032 469 1182 517 iuravi
1229 469 1530 516 verissimum
1578 466 1837 530 pulcherri-

262 565 494 614 mumque
530 551 604 599 ius
640 549 909 607 iurandum,
945 550 1078 612 quod
1114 550 1324 612 populus
1362 550 1476 596 item
1508 563 1687 610 magna
1718 562 1836 594 voce

263 646 341 678 me
388 647 498 680 vere
546 632 727 681 iurasse
774 632 954 679 iuravit.
1040 632 1083 677 8.
1136 630 1246 678 Hac
1286 638 1486 694 accepta
1522 638 1620 677 tam
1661 628 1839 690 insigni

266 712 451 771 iniuria,
477 720 643 760 tamen
675 713 755 761 ino
788 713 894 775 ipso
929 712 1006 760 die
1038 713 1148 760 misi
1182 712 1244 760 ad
1277 711 1529 760 Metellum
1553 723 1839 759 communes

265 793 463 852 amicos,
490 794 574 856 qui
607 801 805 856 agerent
833 809 946 841 cum
979 808 1053 852 eo,
1078 801 1131 840 ut
1162 793 1223 841 de
1255 793 1333 840 illa
1363 800 1525 840 mente
1560 792 1837 848 desisteret;

264 876 438 938 quibus
463 875 540 923 ille
564 876 812 938 respondit
837 876 927 923 sibi
952 891 1054 924 non
1073 891 1178 923 esse
1198 875 1465 937 integrum:
1498 874 1676 922 etenim
1694 872 1839 935 paulo

266 965 376 1006 ante
408 959 459 1005 in
491 959 722 1006 contione
755 958 939 1006 dixerat
973 958 1029 1016 ei,
1062 958 1143 1020 qui
1179 958 1229 1004 in
1265 957 1385 1006 alios
1422 957 1636 1004 animum
1673 955 1839 1002 adver-

267 1040 399 1087 tisset
421 1039 602 1087 indicta
626 1054 783 1097 causa,
803 1038 994 1086 dicendi
1018 1039 1110 1101 ipsi
1134 1046 1424 1101 potestatem
1448 1039 1548 1086 fieri
1573 1053 1672 1085 non
1697 1051 1841 1100 opor-

265 1127 377 1168 tere.
451 1119 722 1168 Hominem
764 1135 959 1182 gravem
1002 1128 1049 1168 et
1087 1120 1239 1168 civem
1281 1121 1560 1182 egregium!
1609 1119 1704 1181 qui,
1747 1132 1843 1180 qua

266 1216 428 1264 poena
453 1209 648 1249 senatus
673 1216 916 1249 consensu
943 1202 1185 1249 bonorum
1218 1202 1437 1249 omnium
1470 1216 1555 1248 eos
1589 1200 1841 1254 adfecerat,

267 1284 349 1347 qui
373 1284 545 1331 urbem
569 1282 828 1331 incendere
852 1290 899 1331 et
922 1284 1229 1345 magistratus
1255 1298 1312 1331 ac
1342 1290 1562 1330 senatum
1594 1281 1840 1338 trucidare,

266 1365 446 1412 bellurn
502 1365 768 1411 maximum
823 1363 1036 1412 conflare
1083 1363 1359 1422 voluissent,
1410 1364 1582 1411 eadem
1643 1363 1843 1425 dignum

269 1446 500 1495 iudicaret
525 1461 651 1504 eum,
678 1446 760 1508 qui
794 1446 976 1493 curiam
1000 1446 1163 1503 caede,
1189 1446 1359 1493 urbem
1383 1445 1631 1502 incendiis,
1656 1444 1843 1492 Italiam

269 1529 396 1577 bello
444 1528 704 1576 liberasset.
789 1526 959 1590 Itaque
1007 1542 1099 1589 ego
1147 1527 1359 1586 Metello,
1397 1527 1526 1575 fratri
1568 1536 1664 1585 tuo,
1706 1543 1841 1589 prae-

271 1611 394 1659 senti
434 1610 608 1658 restiti:
653 1624 766 1657 nam
804 1609 855 1656 in
895 1616 1063 1656 senatu
1105 1608 1214 1655 Kal.
1253 1609 1487 1656 Ianuariis
1526 1609 1594 1657 sic
1636 1624 1747 1656 cum
1785 1624 1844 1656 eo

270 1691 330 1739 de
370 1707 421 1739 re
462 1690 655 1754 publica
697 1690 948 1752 disputavi,
985 1698 1036 1737 ut
1075 1690 1269 1737 sentiret
1312 1690 1399 1736 sibi
1442 1705 1552 1737 cum
1594 1690 1694 1737 viro
1737 1689 1844 1736 forti

271 1781 319 1821 et
361 1772 600 1821 constanti
643 1786 749 1819 esse
798 1771 1130 1834 pugnandum.
1203 1787 1244 1819 a.
1282 1771 1325 1818 d.
1365 1786 1429 1818 111.
1481 1771 1608 1818 Non.
1653 1771 1841 1819 Ianuar.

271 1871 384 1903 cum
420 1869 563 1916 agere
598 1854 854 1916 coepisset,
880 1853 1018 1900 tertio
1050 1867 1246 1916 quoque
1282 1853 1430 1900 verbo
1465 1853 1695 1900 orationis
1731 1868 1844 1900 suae

272 1951 350 1984 me
376 1935 664 1998 appellabat,
684 1934 801 1981 mihi
825 1935 1097 1981 minabatur
1111 1950 1124 1994 ;
1151 1950 1308 1996 neque
1334 1934 1397 1980 illi
1417 1935 1677 1996 quicquam
1696 1933 1844 1980 delib-

273 2017 448 2066 eratius
496 2016 583 2063 fuit
625 2030 774 2078 quam
821 2031 914 2073 me,
953 2030 1259 2078 quacumque
1300 2015 1485 2062 ratione
1523 2023 1702 2076 posset,
1743 2031 1845 2062 non

271 2099 449 2147 iudicio
495 2112 655 2161 neque
704 2097 1065 2159 disceptatione,
1114 2097 1201 2144 sed
1247 2097 1291 2143 vi
1340 2105 1480 2159 atque
1529 2098 1845 2158 impressione

270 2189 495 2229 evertere.
579 2179 741 2228 Huius
783 2194 877 2241 ego
918 2179 1169 2227 temeritati
1212 2179 1250 2225 si
1291 2179 1460 2225 virtute
1501 2186 1644 2240 atque
1683 2179 1844 2227 animo

269 2278 371 2311 non
388 2262 692 2320 restitissem,
720 2262 826 2324 quis
852 2269 979 2309 esset
1007 2261 1088 2323 qui
1119 2275 1198 2307 me
1231 2261 1281 2307 in
1315 2260 1567 2307 consulatu
1599 2275 1699 2307 non
1731 2277 1845 2308 casu

271 2345 435 2408 potius
473 2344 767 2392 existimaret
803 2359 950 2405 quam
988 2342 1189 2390 consilio
1223 2341 1396 2389 fortem
1429 2342 1609 2389 fuisse?
1647 2359 1690 2403 9.
1726 2342 1844 2390 haec

271 2428 310 2476 si
349 2435 400 2474 tu
432 2426 682 2474 Metellum
718 2426 931 2488 cogitare
966 2425 1024 2471 de
1059 2439 1137 2471 me
1164 2424 1372 2481 nescisti,
1401 2424 1549 2471 debes
1573 2424 1844 2471 existimare

270 2516 316 2555 te
345 2508 565 2555 maximis
606 2508 666 2555 de
704 2508 848 2555 rebus
891 2522 920 2554 a
958 2506 1098 2553 fratre
1138 2520 1244 2553 esse
1284 2505 1521 2563 celatum;
1571 2506 1643 2552 sin
1684 2513 1844 2553 autem

274 2589 452 2655 aliquid
478 2589 731 2651 impertivit
756 2588 839 2635 tibi
865 2588 938 2635 sui
963 2586 1162 2644 consilii,
1180 2586 1299 2634 lenis
1325 2602 1353 2633 a
1376 2594 1421 2633 te
1447 2593 1492 2633 et
1518 2586 1666 2633 facilis
1687 2587 1844 2633 existi-

278 2673 395 2718 mari
422 2671 591 2728 debeo,
612 2671 693 2732 qui
719 2669 835 2717 nihil
861 2678 1020 2718 tecum
1048 2670 1106 2717 de
1132 2668 1204 2716 his
1228 2669 1342 2730 ipsis
1368 2669 1508 2715 rebus
1528 2669 1843 2730 expostulem.

279 2752 354 2811 Et,
400 2752 438 2800 si
481 2751 717 2815 intellegis
765 2767 865 2799 non
914 2766 992 2798 me
1042 2751 1169 2798 dicto
1214 2749 1409 2808 Metelli,
1448 2758 1498 2796 ut
1540 2749 1720 2806 scribis,
1760 2749 1845 2797 sed
