2040 3048
126 157 198 206 Ep.
226 142 314 212 qa]
504 151 691 191 EPIST.
730 151 812 190 AD
848 150 1125 192 ATTICUM
1158 151 1237 191 xl.
1275 155 1327 205 4.
1606 150 1703 208 177

517 342 589 388 78.
665 339 759 388 AD
796 339 1118 388 ATTICUM
1156 339 1244 388 XI.
1283 354 1328 399 4.

198 438 304 487 Scn.
334 453 384 486 ῙΝ
419 451 609 487 cAsrius
644 436 849 487 Pomm
886 452 1041 485 MENSE
1079 436 1316 496 QUINTILI
1353 449 1493 485 Aue.
1524 434 1636 497 706.

654 541 823 575 mcERo
860 541 1037 575 ATT1co
1073 542 1172 575 SAL.

205 641 242 671 1.
281 623 460 673 Accam
484 623 546 670 ab
569 620 761 671 Isidoro
787 622 966 671 litteras
991 630 1038 670 et
1063 630 1235 684 postea
1270 622 1405 670 datas
1439 621 1608 669 binas:
1648 636 1707 669 ex

130 706 362 770 proximis
398 705 605 767 cognovi
641 704 838 766 praedia
874 719 974 752 non
1010 704 1197 752 venisse
1217 720 1230 763 3
1268 703 1452 752 videbis
1488 717 1620 765 ergo,
1657 710 1709 749 ut

131 795 420 837 sustentetur
443 802 530 849 per
562 794 622 834 te.
693 786 770 834 De
802 786 1056 845 Frusinati,
1084 787 1123 834 si
1160 786 1312 834 modo
1345 785 1489 833 futuri
1526 799 1707 844 sumus,

130 871 215 919 erit
256 870 373 917 mihi
414 884 489 917 res
537 877 824 932 opportuna.
899 868 1039 916 Meas
1086 868 1264 916 litteras
1313 868 1446 930 quod
1493 867 1708 930 requiris,

98 1015 101 1018 ῃ
132 953 368 1016 impedior
400 951 566 1015 inopia
597 966 771 1009 rerum,
799 966 919 1014 quas
955 951 1109 998 nullas
1142 950 1299 998 habeo
1333 950 1496 998 litteris
1524 949 1709 1012 dignas,

131 1036 310 1098 quippe
335 1035 412 1083 cui
438 1049 529 1083 nec
549 1049 673 1097 quae
698 1033 922 1082 accidunt
946 1049 1037 1081 nec
1058 1048 1181 1096 quae
1206 1041 1412 1096 aguntur
1435 1032 1534 1080 ullo
1559 1032 1711 1080 modo

133 1119 409 1181 probentur.
478 1115 676 1164 Utinam
709 1130 874 1165 coram
908 1122 1069 1163 tecum
1102 1116 1219 1163 olim
1254 1116 1414 1177 potius
1440 1130 1588 1177 quam
1623 1129 1710 1177 per

133 1198 387 1261 epistolas!
423 1197 521 1247 Hic
552 1206 646 1257 tua,
679 1204 731 1245 ut
761 1211 973 1258 possum,
1014 1204 1151 1244 tueor
1188 1197 1318 1259 apud
1354 1196 1459 1244 hos,
1537 1195 1712 1244 Cetera

135 1280 288 1330 Celer.
359 1280 472 1342 Ipse
497 1279 597 1341 fugi
623 1278 780 1327 adhuc
807 1293 953 1326 omne
978 1293 1170 1335 munus,
1198 1293 1258 1326 eo
1283 1279 1454 1339 magis,
1482 1279 1615 1341 quod
1649 1279 1712 1326 ita

134 1363 251 1411 nihil
275 1370 464 1426 poterat
488 1362 580 1423 agi,
605 1368 656 1408 ut
680 1360 798 1408 mihi
824 1368 871 1409 et
895 1360 1014 1408 meis
1039 1361 1180 1409 rebus
1207 1369 1373 1424 aptum
1399 1368 1541 1410 esset.

207 1461 247 1494 2.
292 1444 424 1504 Quid
466 1444 524 1492 sit
572 1451 762 1505 gestum
810 1443 936 1500 novi,
982 1443 1200 1505 quaeris:
1249 1458 1308 1490 ex
1352 1443 1543 1491 Isidoro
1591 1443 1712 1491 scire

135 1528 342 1591 poteris;
392 1526 574 1589 reliqua
620 1540 722 1572 non
769 1525 990 1572 videntur
1038 1540 1144 1572 esse
1193 1524 1473 1573 difficiliora.
1545 1525 1624 1573 Tu
1665 1526 1713 1573 id

134 1611 288 1668 velim,
326 1609 459 1672 quod
495 1608 588 1656 scis
625 1623 704 1654 me
740 1608 951 1655 maxime
988 1606 1121 1665 velle,
1159 1622 1312 1665 cures,
1350 1615 1402 1654 ut
1445 1607 1624 1666 scribis,
1662 1616 1714 1656 ut

135 1691 264 1739 facis,
347 1690 432 1737 Me
488 1688 680 1736 conficit
737 1688 1023 1746 sollicitudO,
1073 1704 1130 1735 ex
1186 1704 1283 1751 qua
1330 1689 1474 1736 etiam
1524 1704 1715 1738 summa

135 1774 383 1820 infirmitas
431 1771 648 1833 corporis
666 1787 689 1829 3⁴
743 1785 840 1832 qua
885 1770 1039 1818 levata
1087 1786 1170 1818 ero
1217 1786 1314 1818 una
1362 1786 1472 1818 cum
1521 1787 1594 1829 eo,
1634 1774 1715 1836 qui

135 1856 381 1919 negotium
408 1854 527 1915 gerit
552 1860 719 1915 estque
745 1852 794 1899 in
820 1868 905 1915 spe
939 1868 1132 1915 magna.
1205 1852 1379 1901 Brutus
1414 1854 1626 1913 amicus;
1665 1855 1715 1902 in

136 1953 281 1987 causa
316 1943 527 1984 versatur
564 1935 745 1982 acriter.
819 1933 1071 1982 Hactenus
1108 1934 1193 1982 fuit
1230 1935 1361 1997 quod
1398 1943 1536 1984 caute
1572 1952 1600 1983 a
1635 1952 1715 1986 me

136 2019 277 2069 scribi
312 2026 491 2081 posset.
562 2016 697 2064 Vale.
768 2015 844 2063 De
880 2016 1116 2078 pensione
1154 2017 1314 2074 altera,
1353 2031 1443 2065 oro
1478 2024 1540 2076 te,
1579 2020 1714 2067 omni

136 2118 247 2151 cura
283 2100 550 2157 considera,
577 2098 692 2161 quid
729 2097 1006 2147 faciendum
1043 2099 1115 2158 sit,
1150 2108 1200 2147 ut
1238 2099 1404 2161 scripsi
1440 2099 1497 2147 iis
1532 2099 1713 2160 litteris,

137 2199 257 2249 quas
293 2182 458 2230 Pollex
497 2181 611 2227 tulit.
