2040 3048
160 122 343 174 Ep.139,
376 108 491 178 140.]
531 120 717 163 EPIST.
746 120 826 159 AD
852 117 1221 158 FAMILIARES
1246 118 1299 156 Χ.
1338 117 1415 173 15.
1640 104 1741 170 269

159 267 317 315 neque
353 253 568 301 animum
605 268 697 301 nec
735 252 1032 313 diligentiam
1069 249 1185 298 mihi
1224 248 1509 297 defuturam.
1581 246 1743 309 Cupio

160 334 458 383 mehercules
494 334 676 382 nullam
713 333 954 381 residuam
994 331 1368 381 sollicitudinem
1405 345 1545 389 esse;
1584 327 1670 377 sed
1705 328 1744 376 si

160 416 312 475 fuerit,
338 432 429 466 nec
463 415 627 464 animo
659 430 750 464 nec
774 414 1139 464 benevolentiae
1174 428 1265 462 nec
1290 411 1549 476 patientiae
1586 410 1743 459 cuius·

161 514 307 562 quarn
350 514 438 562 pro
479 499 617 547 vobis
666 498 852 547 cedam.
924 497 1005 546 Do
1049 497 1246 561 quidem
1295 510 1387 558 ego
1436 507 1652 557 operam,
1695 498 1746 539 ut

161 582 306 629 etiam
333 580 575 644 Lepidum
600 580 662 628 ad
686 579 827 628 huius
851 580 918 628 rei
943 580 1226 628 societatem
1251 578 1458 636 incitem,
1484 576 1745 638 omniaque

163 664 205 710 ei
247 663 484 726 obsequia
521 661 766 725 polliceor,
807 662 847 710 si
885 663 1036 710 modo
1080 676 1181 709 rem
1223 660 1467 723 publicam
1510 657 1747 720 respicere

164 746 303 794 volet.
374 744 500 793 Utor
528 744 577 791 in
602 744 692 792 hac
728 760 779 793 re
817 745 1115 793 adiutoribus
1148 742 1580 805 interpretibusque
1606 739 1747 786 fratre

163 842 276 875 meo
305 835 353 875 et
376 826 640 875 Laterense
678 834 725 875 et
749 826 929 875 Furnio
966 835 1148 875 nostro,
1219 824 1338 873 Non
1370 839 1448 872 me
1484 821 1750 885 impedient

164 910 374 973 privatae
410 908 722 967 offensioneS‚
761 924 856 973 quo
896 909 1058 957 minus
1095 923 1186 971 pro
1228 908 1295 955 rei
1331 905 1557 970 publicae
1599 904 1750 951 salute

165 992 310 1041 etiam
342 1006 454 1040 cum
479 991 812 1039 inimicissimo
844 992 1160 1040 consentiam.
1234 989 1384 1050 Quod
1419 988 1459 1036 si
1495 986 1612 1034 nihil
1637 1001 1749 1049 pro-

165 1075 341 1133 fecer0,
371 1074 522 1122 nihilo
557 1074 718 1121 minus
754 1074 969 1122 maximo
1007 1089 1116 1122 sum
1151 1073 1315 1120 animo
1353 1078 1400 1119 et
1435 1070 1619 1117 maiore
1655 1067 1749 1115 for-

168 1165 295 1205 tasse
343 1171 454 1204 cum
501 1170 612 1202 mea
657 1154 810 1216 gloria
850 1155 987 1202 vobis
1036 1154 1151 1203 satis
1192 1153 1381 1201 faciam.
1452 1150 1551 1199 Fac
1594 1148 1752 1196 valeas

170 1253 345 1300 meque
370 1245 540 1285 mutuo
567 1237 751 1299 diligas.

493 1373 599 1416 140.
674 1366 769 1416 AD
805 1366 1230 1416 FAMILIARES
1268 1367 1329 1414 X.
1373 1379 1446 1425 15.

312 1464 420 1514 SCR.
459 1479 509 1511 IN
546 1463 925 1511 ALLOBROGIBUS
961 1477 1117 1511 MENSE
1154 1461 1295 1510 MAIO
1332 1476 1470 1510 A.0.c.
1511 1472 1621 1520 711.

730 1568 941 1602 PLANcUs
977 1568 1211 1602 CICERONI.

250 1669 286 1699 1.
328 1650 422 1698 H1s
458 1649 622 1697 litteris
659 1648 846 1710 scriptis
872 1663 996 1710 quae
1022 1657 1195 1711 postea
1231 1647 1522 1696 accidissent
1558 1645 1678 1693 scire
1713 1654 1759 1694 te

176 1734 238 1782 ad
262 1748 364 1781 rem
383 1730 625 1795 publicam
644 1730 808 1793 putavi
825 1731 1092 1793 pertinere:
1130 1730 1356 1778 sedulitas
1381 1743 1504 1787 mea,
1524 1735 1577 1776 ut
1602 1744 1760 1790 spero,

178 1826 224 1865 et
259 1816 378 1864 mihi
413 1822 461 1863 et
494 1814 563 1862 rei
591 1813 813 1876 publicae
849 1813 954 1860 tulit
989 1812 1213 1862 fructum.
1284 1812 1513 1874 Namque
1550 1811 1763 1860 adsiduis

179 1897 479 1947 internuntiis
515 1911 627 1944 cum
651 1894 842 1958 Lepido
880 1896 972 1958 egi,
997 1903 1050 1943 ut
1073 1895 1255 1943 omissa
1291 1895 1426 1943 omni
1451 1895 1763 1942 contentione

179 1979 584 2041 reconciliataque
632 1977 875 2025 voluntate
923 1985 1089 2026 nostra
1142 1978 1391 2026 communi
1448 1976 1650 2024 consilio
1699 1978 1765 2025 rei

181 2063 403 2127 publicae
446 2068 757 2117 succurreret,
796 2075 860 2119 se,
899 2059 1078 2108 liberos
1119 2061 1386 2122 urbemque
1429 2058 1576 2122 pluris
1618 2073 1765 2121 quam

182 2160 333 2194 unum
394 2143 634 2207 perditum
694 2141 1033 2205 abiectumque
1091 2142 1330 2190 latronem
1377 2148 1566 2203 putaret
1624 2142 1765 2189 obse-

183 2228 394 2292 quioque
429 2239 556 2282 meo,
583 2224 623 2272 si
647 2223 714 2272 ita
736 2223 930 2283 faceret,
956 2224 1020 2273 ad
1046 2240 1218 2273 omnes
1248 2239 1324 2273 res
1357 2225 1644 2272 abuteretur.
1722 2241 1763 2271 2.

185 2308 403 2358 Profecit
440 2308 602 2370 itaque
633 2321 719 2370 per
745 2306 1059 2355 Laterensem
1091 2306 1437 2355 internuntium
1470 2305 1617 2353 fidem
1652 2306 1768 2354 mihi

185 2391 318 2440 dedit
342 2406 393 2438 se
420 2388 704 2448 Antonium,
730 2390 769 2437 si
794 2389 1049 2452 prohibere
1074 2389 1323 2452 provincia
1348 2403 1435 2437 sua
1459 2403 1559 2436 non
1584 2389 1769 2451 potuis-

188 2482 273 2533 set,
298 2471 425 2521 bello
451 2479 829 2534 persecuturum,
855 2487 935 2520 me
959 2480 1013 2520 ut
1036 2472 1250 2519 venirem
1275 2471 1540 2534 copiasque
1567 2472 1769 2519 coniun-

188 2569 354 2619 gerem
378 2554 578 2616 rogavit,
604 2568 760 2616 eoque
784 2555 956 2617 magis,
976 2554 1110 2617 quod
1134 2561 1181 2602 et
1200 2554 1444 2601 Antonius
1470 2554 1533 2600 ab
1558 2555 1771 2615 equitatu

190 2639 357 2686 firmus
391 2651 499 2685 esse
536 2636 782 2684 dicebatur
817 2644 865 2684 et
896 2635 1112 2698 Lepidus
1148 2651 1210 2683 ne
1247 2635 1544 2683 mediocrem
1576 2636 1772 2698 quidem

190 2720 456 2781 equitatum
495 2716 730 2777 habebat;
778 2733 893 2766 nam
942 2718 1086 2765 etiam
1136 2733 1195 2765 ex
1238 2717 1477 2779 paucitate
1525 2718 1626 2766 eius
1674 2734 1774 2767 non

192 2801 355 2850 multis
404 2807 514 2847 ante
562 2799 731 2848 diebus
780 2799 964 2857 decem,
1010 2800 1091 2863 qui
1140 2799 1309 2863 optimi
1352 2798 1553 2858 fuerant,
1595 2799 1657 2847 ad
1697 2815 1775 2852 me
