2040 3048
313 97 383 148 40
773 91 832 134 M.
872 92 1066 132 TULLu
1087 91 1272 132 ‘cmm
1280 91 1415 132 oms
1524 66 1528 68 ’
1709 79 1871 150 [Parss.

314 224 641 287 Theopompo
656 224 906 283 mandavi,
925 236 1036 273 cum
1060 221 1219 273 essem
1244 220 1520 274 admonitus
1546 224 1607 273 ab
1631 224 1753 286 ipsc,
1772 223 1878 270 vide

313 320 398 367 per
424 305 648 354 homines
682 314 901 354 amantes
935 306 1016 364 tui,
1042 306 1177 368 quod
1209 315 1280 354 est
1305 305 1456 364 facile,
1483 314 1534 353 ut
1557 305 1678 354 haec
1702 320 1880 367 genera

313 385 538 433 tollantur
572 386 897 448 epistolarum,
928 387 1136 449 primum
1168 387 1455 450 iniquarum,
1482 386 1656 435 deinde
1689 392 1880 434 contra-

312 468 507 525 riarum,
532 471 634 514 tum
659 468 864 516 absurde
889 475 937 515 et
968 469 1194 517 inusitate
1228 470 1528 532 scriptarum,
1553 475 1801 530 postremo
1833 467 1882 517 in

312 549 521 610 aliquem
560 549 1034 598 contumeliosarum.
1104 550 1266 614 Atque
1307 566 1401 613 ego
1450 549 1568 597 haec
1614 556 1713 596 tarn
1760 559 1880 606 esse',

311 645 459 692 quam
498 630 659 688 audi0‚
696 631 799 679 no'n
837 638 969 693 pute,
1013 639 1075 690 et,
1109 631 1148 680 si
1188 639 1297 679 sunt
1344 630 1743 693 occupationibus
1791 630 1882 677 tuis

312 712 471 759 minus
508 712 851 772 animadversa,
876 729 1008 762 nunc
1037 713 1256 776 perspice
1289 721 1336 761 et
1367 727 1535 775 purga.
1607 711 1728 774 Legi
1756 711 1881 773 epis·

312 793 474 852 tolam,
500 809 646 856 quam
678 795 781 857 ipse
815 795 1061 857 scripsisse
1097 793 1227 843 Sulla
1258 794 1593 842 nomenclator
1617 792 1772 841 dictus
1796 800 1882 851 est,

312 891 413 923 non
455 876 786 938 probandam;
833 877 929 940 ⁴legi
978 892 1079 925 non
1126 877 1279 925 nullas
1328 876 1596 925 iracundas.
1674 889 1747 923 10.
1787 875 1884 923 Sed

313 964 528 1018 tempore
557 957 666 1018 ipso
701 957 760 1005 de
795 956 1035 1019 epistolis:
1073 973 1187 1006 nam
1220 974 1331 1006 curn
1364 957 1491 1005 hanc
1523 958 1751 1020 paginam
1782 965 1884 1005 ten-

312 1053 455 1096 erem,
488 1038 543 1086 L.
579 1038 783 1098 Flavius,
812 1047 1003 1101 praetor
1036 1039 1332 1101 designatus,
1360 1039 1426 1088 ad
1455 1055 1533 1087 me
1566 1039 1707 1097 venit,
1731 1038 1884 1087 homo

227 1185 230 1188 ⁴
311 1120 428 1167 mihi
460 1119 600 1168 valde
636 1120 894 1168 familiaris,
968 1121 1018 1169 Is
1054 1121 1185 1180 mihi,
1221 1128 1266 1169 te
1303 1122 1365 1170 ad
1400 1129 1737 1183 procuratores
1772 1135 1886 1169 suos

311 1202 490 1272 litteras
516 1202 721 1260 misisse,
741 1217 865 1264 quae
892 1199 1009 1250 mihi
1035 1204 1161 1251 visae
1188 1211 1299 1251 sunt
1323 1203 1664 1266 iniquissimae,
1683 1217 1744 1250 ne
1769 1202 1886 1266 quid

314 1285 374 1332 de
398 1284 558 1343 bonis,
583 1283 708 1347 quae
732 1284 788 1332 L.
816 1283 1004 1334 Octavii
1029 1284 1242 1333 Nasonis
1268 1285 1481 1343 fuissent,
1507 1285 1583 1333 cui
1613 1284 1670 1333 L.
1695 1283 1884 1331 Flavius

312 1365 451 1413 heres
475 1372 560 1422 est,
587 1365 920 1414 deminuerent
944 1375 1069 1425 ante,
1097 1381 1244 1430 quam
1270 1366 1325 1415 C.
1348 1366 1603 1414 Fundanio
1628 1365 1885 1428 pecuniam

312 1446 594 1506 solvissent3
637 1447 849 1510 itemque
896 1449 1087 1497 misisse
1135 1449 1198 1498 ad
1245 1447 1672 1512 ApollonidenseS,
1715 1461 1777 1495 ne
1825 1447 1884 1495 de

314 1528 470 1586 bonis,
509 1544 634 1591 quae
675 1528 864 1578 Octavii
905 1528 1122 1589 fuissent,
1166 1529 1379 1578 deminui
1422 1536 1700 1591 paterentur
1739 1527 1883 1590 prius,

314 1626 459 1673 quam
484 1610 740 1658 Fundanio
766 1610 980 1659 debitum
1011 1610 1222 1659 solutum
1256 1619 1396 1659 esset.
1469 1608 1608 1657 Haec
1641 1608 1757 1657 mihi
1788 1610 1884 1657 veri

312 1692 484 1740 similia
524 1707 626 1740 non
669 1692 916 1752 videntur;
960 1700 1071 1741 sunt
1106 1693 1237 1741 enim
1273 1708 1301 1740 a
1325 1691 1579 1754 prudentia
1613 1697 1695 1738 tua
1727 1705 1884 1738 remo-

311 1774 509 1822 tissima.
583 1778 594 1798 ‘
613 1773 691 1821 Ne
718 1774 965 1822 deminuat
988 1774 1162 1823 heres?
1178 1773 1190 1793 '
1256 1773 1390 1832 Quid
1415 1772 1454 1820 si
1478 1771 1733 1820 infitiatur?
1769 1771 1882 1834 quid

314 1854 353 1902 si
375 1854 578 1903 omnino
604 1870 706 1903 non
732 1855 908 1904 debet?
933 1857 1082 1919 quid?
1107 1864 1298 1918 praetor
1323 1853 1443 1903 solet
1463 1853 1667 1902 iudicare
1687 1853 1884 1900 deberi?

310 1934 477 1994 Quid?
514 1951 606 1998 ego
633 1936 886 1984 Fundanio
917 1952 1020 1984 non
1044 1937 1223 1998 cupio?
1258 1952 1359 1985 non
1392 1936 1576 1984 amicus
1609 1936 1749 1982 sum?
1784 1949 1883 1982 non

312 2017 636 2065 misericordia
673 2018 907 2066 moveor?
968 2017 1129 2065 Nemo
1171 2018 1356 2080 magis;
1398 2016 1483 2065 sed
1519 2017 1588 2064 vis
1630 2016 1742 2064 iuris
1783 2016 1884 2064 eius

311 2099 444 2146 modi
481 2107 559 2147 est·
590 2099 879 2161 quibusdam
918 2100 968 2146 in
1010 2101 1167 2158 rebus,
1205 2109 1257 2147 ut
1298 2098 1415 2146 nihil
1456 2098 1515 2146 sit
1553 2097 1648 2146 loci
1689 2098 1883 2160 gratiae.

312 2180 472 2242 Atque
509 2180 574 2228 ita
609 2180 726 2227 mihi
764 2181 953 2229 dicebat
995 2181 1182 2229 Flavius
1220 2182 1453 2244 scriptum
1488 2180 1539 2227 in
1575 2193 1634 2227 ea
1670 2180 1883 2242 epistola,

311 2278 458 2325 quam
483 2271 617 2310 tuam
642 2277 748 2310 esse
787 2263 990 2322 dicebat,
1017 2271 1063 2311 te
1096 2270 1178 2311 aut
1212 2263 1350 2326 quasi
1383 2262 1550 2311 amicis
1582 2261 1675 2309 tuis
1707 2261 1883 2323 gratias

311 2348 530 2393 acturum
567 2353 648 2392 aut
683 2345 820 2407 quasi
857 2345 1062 2393 inimicis
1099 2345 1413 2392 incommoda
1447 2344 1732 2392 adlaturum.
1809 2358 1882 2391 11.

311 2426 444 2485 Quid
492 2425 675 2474 multa?
744 2426 948 2474 Ferebat
995 2426 1212 2488 graviter,
1252 2436 1299 2474 et
1341 2424 1650 2474 vehementer
1678 2439 1883 2474 mecum

310 2509 596 2570 querebatur
625 2508 901 2572 orabatque,
926 2515 979 2556 ut
1011 2508 1072 2556 ad
1105 2516 1151 2556 te
1185 2523 1332 2570 quam
1369 2507 1732 2570 diligentissime
1769 2500 1880 2554 seri-

307 2591 503 2637 berem:
541 2591 678 2652 quod
710 2589 834 2638 facio
860 2597 924 2638 ‘et‘
944 2597 989 2637 te
1015 2604 1212 2652 prorsus
1237 2589 1544 2643 vehementer
1569 2589 1713 2636 etiam
1739 2597 1880 2651 atque

301 2671 471 2738 etiam-2
487 2686 623 2733 rog0,
651 2678 702 2718 ut
739 2679 786 2718 et
800 2690 807 2700 ⁷-
818 2671 1210 2733 procuratoribus
1236 2667 1703 2723 Flaviiss'remittassde
1729 2670 1877 2718 demi-

298 2751 503 2802 ·nuendo
553 2759 600 2798 et
646 2750 1127 2813 Apollonidensibus.
1159 2766 1220 2799 ne
1268 2750 1398 2813 quid⁴
1422 2752 1708 2814 ‘perscribas
1746 2751 1878 2813 quod
