2040 3048
119 121 187 174 Ep.
214 107 304 178 38·]
484 115 673 158 EPIST.
714 115 796 154 AD
833 114 1106 154 ATTJCUM
1148 115 1218 154 Vr.
1264 117 1310 154 2.
1599 116 1687 154 111

116 244 288 293 tabulis
312 242 518 291 credidi:
551 243 591 291 is
615 242 776 290 multis
800 242 1079 291 nominibus
1098 240 1150 290 in
1167 239 1522 304 Trophoniana
1542 238 1696 288 Chae-

116 327 246 375 ronis
283 326 554 374 narratione
591 324 811 373 Graecos
849 326 898 373 in
938 341 998 373 eo
1038 322 1358 388 reprehendit,
1399 321 1532 385 quod
1566 336 1698 368 mare

117 417 302 456 tanturn
350 408 501 457 secuti
549 414 672 467 sunt,
714 423 803 456 nec
848 407 997 455 ullum
1050 408 1099 453 in
1149 406 1488 468 Peloponneso
1537 403 1699 451 locum

117 491 306 554 excipit.
378 489 504 539 Cum
528 489 645 537 mihi
679 498 847 538 auctor
871 488 1330 553 placeret—etenim
1355 495 1456 535 erat
1481 486 1699 547 ἱστορικῶ-

117 593 242 624 τατος
269 580 317 621 et
340 574 519 621 vixerat
543 572 593 619 in
615 571 1043 635 Peloponneso—,
1069 570 1340 619 admirabar
1363 577 1524 617 tamen
1551 576 1597 616 et
1620 569 1697 615 vix

118 655 384 704 adcredens
427 655 780 703 communicavi
818 669 930 703 cum
967 653 1236 717 Dionysio;
1280 660 1424 715 atque
1466 652 1507 699 is
1543 651 1700 714 primo

119 745 192 785 est
239 745 528 794 commotus,
578 736 768 796 deinde,
819 737 952 799 quod
1002 736 1062 784 de
1109 735 1202 783 isto
1250 732 1551 782 Dicaearcho
1599 747 1700 779 non

119 819 279 867 minus
313 820 437 867 bene
470 818 792 867 existumabat
825 834 972 882 quam
1006 826 1058 866 tu
1083 817 1143 865 de
1169 815 1222 865 C.
1252 815 1495 875 Vestorio,
1522 829 1615 876 ego
1642 814 1702 861 de

119 900 190 949 M.
217 900 403 961 Cluvio,
428 916 531 950 non
557 901 808 950 dubitabat
841 902 957 964 quin
991 901 1034 948 ei
1066 899 1404 949 crederemus:
1466 896 1702 944 Arcadiae

121 985 350 1033 censebat
397 998 506 1032 esse
554 983 780 1046 Lepreon
842 982 1092 1046 quoddam
1139 981 1460 1039 maritimum;
1531 978 1704 1026 Tenea

121 1075 282 1116 autem
306 1075 354 1115 et
378 1066 611 1128 Aliphera
640 1074 687 1114 et
716 1064 870 1113 Tritia
906 1069 1129 1111 νεόκτιστα
1158 1064 1201 1111 ei
1232 1061 1531 1120 videbantur,
1557 1061 1703 1123 idque

121 1156 180 1213 τῷ
227 1156 311 1196 τῶν
355 1155 459 1195 νεῶν
505 1151 727 1211 καταλόγῳ
776 1147 1106 1204 confirmabat,
1147 1145 1231 1193 ubi
1278 1145 1462 1192 mentio
1510 1159 1610 1191 non
1654 1143 1704 1191 fit

121 1236 336 1281 istorum.
425 1230 596 1293 Itaque
650 1230 796 1277 istum
850 1244 945 1291 ego
999 1229 1162 1276 locum
1213 1226 1417 1274 totidem
1471 1226 1627 1274 verbis
1677 1241 1706 1273 a

121 1313 422 1362 Dicaearcho
463 1311 695 1360 transtuli.
770 1310 1006 1359 Phliasios
1043 1318 1204 1357 autem
1252 1308 1346 1355 dici
1395 1308 1622 1366 sciebam,
1660 1315 1705 1356 et

121 1398 185 1444 ita
209 1395 285 1444 fac
310 1404 361 1443 ut
386 1395 593 1453 habeas3
631 1408 723 1442 nos
757 1393 955 1456 quidem
993 1392 1062 1439 sic
1095 1389 1343 1438 habemus.
1417 1388 1514 1437 Sed
1547 1390 1705 1452 primo
1772 1441 1774 1443 ,

120 1494 199 1526 me
234 1479 438 1539 ἀναλογία
472 1477 741 1539 deceperat,
766 1479 935 1528 Φλιοῦς,
959 1474 1129 1526 Ὀποῦς,
1165 1477 1331 1530 Σιποῦς,
1356 1472 1491 1534 quod
1524 1472 1704 1518 Ὀπούν-

119 1580 214 1620 τιοι,
254 1560 506 1608 Σιποῦντιοι.
579 1557 676 1606 Sed
712 1557 807 1606 hoc
844 1556 1076 1605 continuo
1111 1555 1424 1603 correximus,
1500 1570 1543 1613 4.
1583 1554 1705 1602 Lae-

119 1643 206 1691 tari
243 1651 290 1690 te
325 1650 490 1690 nostra
523 1640 858 1688 moderatione
896 1647 943 1687 et
980 1637 1277 1686 continentia
1313 1637 1483 1684 video:
1522 1645 1625 1684 tum
1658 1637 1706 1683 id

120 1725 276 1787 magis
312 1723 511 1783 faceres,
536 1724 577 1771 si
613 1723 824 1771 adesses.
897 1721 1059 1784 Atque
1097 1721 1192 1768 hoc
1229 1719 1352 1777 for0,
1377 1720 1508 1781 quod
1534 1719 1612 1781 egi
1646 1734 1704 1765 ex

122 1808 287 1857 Idibus
339 1806 611 1854 Februariis
661 1805 935 1852 Laodiceae
992 1804 1056 1852 ad
1111 1802 1223 1850 Kal.
1275 1800 1433 1849 Maias
1488 1801 1703 1849 omnium

123 1889 418 1940 dioecesium
443 1895 632 1951 praeter
657 1885 870 1944 Ciliciae,
898 1885 1133 1933 mirabilia
1157 1883 1397 1948 quaedam
1423 1883 1702 1931 effecimus:

122 1976 187 2023 ita
234 1971 412 2018 multae
459 1970 672 2019 civitates
720 1969 854 2016 omni
898 1983 1008 2016 aere
1048 1967 1207 2016 alieno
1247 1967 1488 2024 liberatae,
1526 1966 1703 2013 multae

123 2056 259 2105 valde
297 2053 481 2101 levatae
517 2059 654 2110 sunt3
693 2065 867 2098 omnes
905 2051 1004 2098 suis
1041 2050 1227 2112 legibus
1263 2058 1311 2097 et
1350 2049 1537 2097 iudiciis
1573 2063 1703 2106 usae,

43 2131 50 2140 ⁵
121 2134 371 2196 αὐτονομίαν
393 2134 612 2196 adeptae,
638 2133 925 2181 revixerunt.
997 2131 1091 2180 His
1117 2147 1211 2194 ego
1237 2132 1427 2180 duobus
1451 2131 1707 2194 generibus

124 2220 399 2269 facultatem
423 2216 487 2265 ad
512 2231 564 2263 se
589 2231 698 2263 aere
725 2215 883 2263 alieno
907 2214 1182 2262 liberandas
1209 2222 1290 2262 aut
1315 2214 1543 2262 levandas
1569 2213 1707 2261 dedi:

124 2317 237 2360 uno,
263 2300 393 2363 quod
416 2299 619 2348 omnino
656 2298 814 2346 nullus
849 2299 898 2345 in
928 2298 1131 2359 imperio
1165 2311 1278 2343 meo
1310 2303 1531 2361 sumptus
1555 2295 1709 2343 factus

125 2382 448 2433 est—nullum
493 2395 604 2429 cum
653 2380 779 2439 dieo,
819 2395 921 2428 non
963 2380 1138 2442 loquor
1175 2377 1708 2438 ὑπερβολικῶς-Πυίωε,

125 2469 336 2529 inquam,
361 2479 424 2512 ne
460 2464 703 2512 teruncius
729 2463 942 2526 quidem.
1015 2461 1126 2510 Hac
1153 2469 1314 2509 autem
1344 2475 1396 2507 re
1432 2459 1707 2507 incredibile

126 2555 198 2598 est
252 2555 483 2610 quantum
538 2547 752 2594 civitates
814 2545 1109 2594 emerserint.
1185 2556 1229 2605 5.
1266 2543 1488 2591 Accessit
1545 2542 1707 2590 altera.

125 2630 254 2679 Mira
278 2637 412 2677 erant
446 2629 496 2676 in
520 2629 788 2677 civitatibus
828 2629 1045 2691 ipsorum
1080 2626 1204 2674 furta
1242 2624 1558 2683 Graecorum,
1585 2639 1708 2687 quae

126 2713 433 2774 magistratus
470 2711 542 2759 sui
577 2711 818 2760 fecerant:
857 2711 1069 2774 quaesivi
1106 2710 1211 2772 ipse
1249 2709 1308 2756 de
1346 2708 1414 2764 iis,
1453 2709 1535 2770 qui
1571 2707 1708 2755 annis

128 2797 298 2844 decem
317 2794 549 2857 proximis
573 2795 908 2856 magistratum
928 2801 1181 2857 gesserant
1194 2808 1207 2851 3
1240 2799 1403 2855 aperte
1422 2791 1703 2839 fatebantur.
