2040 3048
310 84 415 140 250
756 81 820 124 M.
865 82 1061 123 TULLII
1099 85 1268 125 croER
1277 87 1415 126 oms·
1692 79 1809 147 [Pars
1830 92 1879 132 v,

307 217 357 256 ut
399 224 460 258 ne
503 209 579 256 cui
621 209 879 272 quicquam
923 209 1035 258 iuris
1077 210 1126 257 in
1164 220 1245 259 tua
1280 212 1528 274 provincia
1562 227 1668 262 esse
1703 214 1881 277 patiare

307 298 449 354 atque
490 299 542 339 ut
582 291 748 337 omnia
794 291 971 340 referas
1019 293 1082 340 ad
1131 293 1430 356 dignitatem,
1475 309 1570 357 qua
1615 294 1731 343 nihil
1774 310 1880 345 esse

305 377 467 432 potest
507 369 840 431 praestantius,
893 423 896 425 ,
930 386 974 429 4.
1015 370 1142 419 Vere
1184 379 1345 420 tecum
1387 387 1545 435 agam,
1580 381 1633 421 ut
1674 377 1879 423 necessi-

304 451 422 500 tudo
454 459 620 499 nostra
651 452 895 513 postulat:
932 453 981 500 in
1020 452 1324 516 Semproni0‚
1356 455 1394 503 si
1431 456 1552 503 meis
1594 456 1756 504 litteris
1793 457 1880 504 ob-

303 538 637 592 temperasseS,
657 530 920 577 maximam
945 531 1007 578 ab
1026 531 1253 580 omnibus
1278 531 1471 580 laudem
1497 533 1700 596 adeptus
1718 549 1879 594 esse83

304 612 390 660 sed
424 611 541 659 illud
577 619 624 659 et
660 612 903 674 praeteriit
938 620 986 660 et
1020 612 1168 663 levius
1204 621 1291 673 est,
1316 614 1439 662 haec
1468 631 1649 677 magna
1677 631 1753 664 res
1782 625 1880 664 est:

303 695 379 741 fae
400 701 450 741 ut
473 693 772 756 provinciam
791 694 998 743 retineas
1023 695 1073 742 in
1092 703 1330 758 potestate
1355 697 1422 745 rei
1446 697 1683 759 publicae.
1742 697 1883 746 Plura

302 776 618 838 scripsissem,
643 775 735 822 nisi
761 776 830 823 tui
854 775 1151 826 festinarent.
1210 777 1385 842 Itaque
1411 777 1689 842 Chaerippo
1714 786 1882 828 nostro

301 873 381 906 me
405 858 547 905 velim
573 871 789 905 excuseS.

626 977 733 1021 125.
805 973 899 1021 AD
936 971 1355 1022 FAMILIARES
1391 974 1478 1023 XI.
1517 977 1562 1025 8.

529 1062 638 1111 ScR.
677 1061 859 1111 ROMAE
894 1077 1051 1112 MENSE
1087 1062 1328 1112 IANUARIO
1364 1079 1502 1114 A.u.c.
1542 1075 1655 1125 711.

535 1167 585 1200 M.
610 1166 781 1201 01cERo
815 1167 852 1200 s.
878 1167 924 1200 n.
950 1168 995 1200 D.
1022 1167 1183 1202 BRUTO
1220 1169 1317 1201 IMP.
1355 1169 1449 1203 cos.
1490 1169 1642 1202 DESIG.

374 1257 414 1290 1.
452 1240 528 1289 Eo
553 1248 774 1302 tempore
800 1239 936 1288 Polla
961 1248 1042 1287 tua
1066 1241 1209 1297 misit,
1234 1249 1286 1288 ut
1311 1241 1373 1288 ad
1401 1249 1462 1299 te,
1491 1242 1528 1289 si
1554 1241 1671 1304 quid
1695 1243 1879 1302 vellem,

301 1323 466 1370 darem
509 1322 784 1381 litterarum,
828 1337 954 1380 cum,
999 1323 1116 1384 quid
1158 1323 1431 1381 scriberem,
1470 1338 1572 1371 non
1612 1323 1878 1385 habebam;

301 1406 466 1454 omnia
504 1405 635 1451 enim
678 1412 812 1452 erant
851 1419 1090 1467 suspensa
1130 1412 1329 1467 propter
1364 1406 1778 1467 exspectationem
1813 1406 1879 1455 le-

299 1494 539 1549 gatorum,
564 1486 646 1547 qui
671 1485 785 1547 quid
820 1486 1044 1548 egissent,
1070 1486 1309 1534 nihildum
1342 1488 1667 1536 nuntiabatur.
1738 1487 1879 1537 Haec

300 1577 462 1616 tamen
495 1567 752 1615 scribenda
783 1567 1080 1615 existimavi:
1123 1568 1332 1629 primum
1367 1576 1589 1616 senatum
1621 1570 1878 1632 populum-

300 1666 393 1713 que
436 1649 717 1696 Romanum
759 1648 820 1696 de
861 1656 906 1695 te
948 1649 1166 1696 laborare
1209 1664 1311 1696 non
1354 1650 1511 1697 solum
1555 1651 1719 1699 salutis
1764 1667 1879 1699 suae

299 1747 458 1789 causa,
498 1731 585 1778 sed
625 1730 771 1778 etiam
813 1730 1055 1792 dignitatis
1105 1738 1243 1790 tuae;
1300 1731 1595 1779 admirabilis
1637 1733 1766 1780 enim
1807 1742 1880 1781 est

298 1812 538 1876 quaedam
584 1811 653 1859 tui
690 1812 901 1858 nominis
949 1812 1121 1860 caritas
1164 1827 1398 1876 amorque
1440 1813 1490 1859 in
1536 1821 1582 1861 te
1625 1814 1879 1875 singularis

299 1896 517 1944 omnium
563 1893 763 1942 civium:
812 1893 878 1940 ita
919 1894 1049 1940 enim
1091 1902 1287 1956 sperant
1334 1903 1477 1957 atque
1521 1895 1786 1954 confidunt,
1827 1905 1879 1943 ut

299 1985 441 2026 antea
485 1990 614 2036 rege,
664 1975 731 2022 sic
777 1974 873 2022 hoc
920 1983 1140 2037 tempore
1186 1990 1340 2036 regno
1391 1984 1438 2023 te
1485 1992 1587 2023 rem
1635 1977 1878 2038 publicam

297 2060 620 2107 liberaturum.
696 2072 737 2102 2.
777 2056 967 2104 Romae
1007 2056 1206 2104 dilectus
1249 2057 1452 2105 habetur
1490 2066 1686 2120 totaque
1726 2059 1878 2118 Italia,

299 2142 338 2190 si
379 2140 456 2188 hic
496 2139 698 2186 dilectus
745 2138 1062 2200 appellandus
1118 2147 1204 2197 est,
1253 2154 1365 2188 cum
1406 2139 1531 2186 ultro
1576 2155 1627 2187 se
1669 2140 1878 2188 offerunt

299 2234 500 2269 omnes:
540 2226 701 2266 tantus
742 2219 885 2266 ardor
923 2219 1112 2266 animos
1159 2219 1414 2267 hominum
1451 2220 1709 2282 occupavit
1750 2220 1876 2267 desi-

299 2303 433 2350 derio
473 2301 700 2349 libertatis
738 2300 950 2363 odioque
993 2301 1202 2349 diutinae
1246 2301 1496 2349 servitutis.
1566 2301 1644 2350 De
1684 2304 1877 2366 reliquis

298 2385 443 2432 rebus
483 2397 513 2429 a
551 2389 599 2429 te
640 2382 737 2429 iarn
784 2390 1062 2444 exspectare
1109 2382 1287 2430 litteras
1324 2382 1573 2442 debemus,
1611 2383 1727 2446 quid
1774 2385 1877 2446 ipse

299 2480 428 2528 agas,
458 2462 573 2527 quid
607 2471 771 2511 noster
806 2462 1003 2522 Hirtius,
1034 2464 1150 2526 quid
1184 2463 1366 2512 Caesar
1397 2479 1549 2523 meus,
1575 2480 1698 2527 quos
1733 2481 1876 2528 spero

299 2546 430 2594 brevi
467 2553 685 2607 tempore
727 2545 955 2592 societate
998 2545 1222 2593 victoriae
1265 2553 1425 2593 tecum
1466 2547 1721 2608 copulatos
1759 2547 1873 2596 fore.

301 2628 561 2690 Reliquum
600 2635 671 2674 est
707 2634 760 2673 ut
797 2626 856 2673 de
893 2642 970 2674 me
1008 2626 1056 2673 id
1093 2628 1313 2684 scribam,
1341 2626 1474 2689 quod
1510 2635 1558 2674 te
1591 2642 1650 2674 ex
1685 2635 1877 2674 tuorum
1921 2622 1926 2627 ’

301 2709 463 2756 litteris
504 2717 551 2755 et
595 2722 736 2769 spero
780 2715 827 2754 et
869 2708 996 2754 malo
1040 2721 1349 2769 cognoscere,
1387 2722 1466 2754 me
1508 2723 1666 2770 neque
1710 2708 1877 2755 deesse

303 2788 397 2836 ulla
421 2789 469 2835 in
493 2803 543 2835 re
570 2803 727 2850 neque
754 2802 984 2851 umquam
1011 2786 1284 2835 defuturum
1315 2787 1531 2850 dignitati
1555 2798 1677 2836 tuae·
