2040 3048
306 92 375 145 34
757 90 820 133 M.
864 90 1078 145 TULLII,
1093 92 1405 132 CICERONIS
1707 83 1823 151 [Pars
1843 95 1873 134 1.

304 227 479 278 rentur,
516 220 567 268 in
602 235 661 269 eo
706 221 971 284 principem
1008 221 1210 271 Paulum
1244 224 1405 281 fuisse,
1443 239 1589 288 quern
1625 224 1877 273 constabat

304 316 364 348 eo
389 309 604 366 tempore
627 303 678 350 in
703 301 994 351 Macedonia
1018 304 1179 355 fuisse.
1248 305 1325 354 Fit
1358 316 1553 354 senatus
1586 305 1875 363 consultum,

305 391 357 430 ut
391 382 593 442 Vettius,
631 385 766 446 quod
801 385 1055 434 confessus
1092 395 1219 434 esset
1255 402 1307 434 se
1343 402 1454 434 cum
1489 388 1584 435 telo
1625 388 1786 446 fuisse,
1827 389 1878 435 in

306 464 495 512 vincula
527 466 868 526 coniiceretur余
903 467 986 528 qui
1011 483 1123 515 eum
1148 469 1400 527 emisisset,
1430 484 1542 516 eum
1575 477 1744 516 contra
1778 485 1878 516 rem

305 546 549 610 publicam
589 562 696 595 esse
733 548 985 597 facturum.
1058 548 1158 597 Res
1201 558 1300 597 erat
1341 551 1391 597 in
1439 565 1497 598 ea
1542 551 1786 614 opinione,
1829 560 1880 598 ut

306 636 531 692 putarent
560 629 610 678 id
637 644 744 678 esse
775 639 951 688 actum,
984 640 1037 679 ut
1061 631 1252 680 Vettius
1288 632 1338 679 in
1375 632 1483 680 foro
1520 648 1631 680 cum
1667 634 1879 696 pugione

307 719 356 759 et
389 711 506 759 item
543 711 664 759 servi
700 711 801 759 eius
842 713 1367 783 comprehenderentur
1402 729 1515 762 cum
1550 714 1671 772 telis,
1707 714 1879 762 deinde

307 793 384 841 ille
427 808 478 841 se
518 793 698 841 diceret
736 793 1090 853 indicaturum,
1114 796 1258 858 idque
1295 796 1362 843 ita
1397 796 1577 844 factum
1612 804 1752 854 esset,
1789 796 1881 843 nisi

309 873 546 923 Curiones
596 890 699 923 rem
749 885 859 924 ante
917 877 981 925 ad
1038 876 1329 940 Pompeium
1381 878 1675 926 detulissent.
1747 878 1879 925 Tum

309 964 502 1004 senatus
538 957 812 1005 consultum
859 959 910 1006 in
951 960 1177 1008 contione
1225 960 1476 1008 recitatum
1520 968 1606 1009 est.
1676 960 1880 1008 Postero

309 1046 470 1085 autem
510 1038 586 1086 die
629 1038 824 1098 Caesar,
864 1040 918 1099 is,
960 1041 1042 1103 qui
1084 1040 1214 1100 olim,
1257 1049 1449 1103 praetor
1490 1057 1601 1089 cum
1642 1050 1783 1098 esset,
1817 1040 1880 1099 Q.

311 1118 536 1167 Catulum
582 1136 643 1168 ex
690 1120 913 1169 inferiore
961 1121 1071 1171 loco
1114 1122 1315 1170 iusserat
1363 1122 1538 1181 dicere,
1576 1122 1792 1170 Vettium
1833 1123 1881 1169 in

309 1210 461 1249 rostra
488 1201 713 1264 produxit
743 1218 951 1265 eumque
979 1203 1030 1250 in
1063 1218 1122 1251 eo
1155 1205 1264 1252 loco
1296 1204 1558 1263 constituit,
1584 1219 1682 1267 quo
1707 1204 1882 1252 Bibulo

310 1283 497 1331 consuli
525 1284 734 1346 aspirare
767 1299 868 1331 non
894 1284 1069 1333 liceret.
1141 1285 1238 1333 Hic
1264 1286 1340 1333 ille
1365 1287 1545 1345 omnia,
1572 1302 1696 1349 quae
1720 1287 1881 1344 voluit,

311 1367 371 1415 de
417 1383 467 1415 re
516 1367 708 1429 publica
756 1368 887 1424 dixit,
940 1375 994 1415 ut
1042 1368 1122 1431 qui
1174 1369 1284 1416 illuc
1332 1368 1486 1418 factus
1542 1369 1882 1432 institutusque

310 1448 527 1496 venisset.
597 1447 811 1496 Primum
847 1448 1145 1511 Caepionem
1183 1450 1242 1497 de
1279 1451 1499 1499 oratione
1548 1467 1634 1500 sua
1681 1451 1881 1509 sustulit,

310 1546 456 1595 quem
479 1532 529 1578 in
553 1539 722 1579 senatu
746 1531 973 1580 acerrime
1000 1532 1287 1590 nominarat,
1322 1542 1374 1581 ut
1403 1542 1656 1595 appareret
1688 1542 1883 1581 noctem

311 1623 358 1662 et
391 1621 679 1662 nocturnam
716 1614 1106 1676 deprecationem
1142 1615 1496 1675 intercessisse余
1535 1615 1724 1673 deinde,
1759 1631 1884 1678 quos

312 1697 361 1744 in
397 1703 566 1743 senatu
596 1710 658 1742 ne
690 1695 971 1743 tenuissima
1000 1696 1198 1758 quidem
1232 1697 1499 1758 suspitione
1530 1698 1763 1759 attigerat,
1800 1712 1884 1745 eos

312 1776 604 1825 nominavit:
651 1777 919 1836 Lucullum,
962 1794 991 1826 a
1031 1794 1128 1841 quo
1171 1780 1366 1828 solitum
1413 1796 1518 1828 esse
1560 1781 1623 1828 ad
1664 1797 1715 1829 se
1763 1780 1884 1828 mitti

313 1858 370 1907 C.
404 1858 658 1917 Fannium,
694 1859 842 1918 illum,
877 1861 958 1922 qui
994 1862 1044 1909 in
1081 1861 1132 1909 P.
1169 1860 1397 1910 Clodium
1434 1863 1791 1931 subscripserat,
1829 1863 1882 1910 L.

312 1940 595 1998 Domitium,
621 1941 756 1989 cuius
781 1942 984 1989 domum
1011 1943 1323 1991 constitutam
1356 1944 1516 2002 fuisse,
1541 1945 1672 1992 unde
1697 1947 1885 2007 eruptio

313 2022 446 2070 fieret
462 2037 476 2081 余
513 2037 592 2069 me
617 2037 719 2069 non
743 2023 1023 2080 nominavit,
1041 2025 1127 2071 sed
1157 2024 1274 2071 dixit
1307 2026 1612 2073 consularem
1641 2027 1883 2085 disertum,

313 2103 520 2151 vicinum
550 2103 774 2161 consulis,
815 2104 904 2151 sibi
947 2105 1124 2153 dixisse
1154 2106 1360 2153 Ahalam
1400 2106 1650 2154 Servilium
1678 2107 1885 2170 aliquem

315 2194 397 2233 aut
434 2184 637 2233 Brutum
674 2199 799 2247 opus
841 2200 947 2234 esse
994 2187 1215 2248 reperiri余
1272 2187 1455 2235 addidit
1493 2187 1556 2234 ad
1602 2196 1886 2247 extremum,

315 2282 427 2315 cum
456 2266 551 2314 iam
581 2266 778 2315 dimissa
809 2267 1035 2315 contione
1067 2275 1318 2315 revocatus
1351 2284 1380 2316 a
1402 2268 1598 2316 Vatinio
1628 2269 1810 2328 fuisset,
1836 2285 1887 2317 se

315 2348 505 2398 audisse
538 2363 567 2395 a
599 2347 812 2397 Curione
844 2347 918 2396 his
950 2348 1010 2396 de
1045 2350 1188 2396 rebus
1226 2349 1476 2397 conscium
1513 2365 1618 2398 esse
1644 2350 1886 2408 Pisonem,

314 2445 547 2493 generum
582 2445 762 2487 meum,
798 2438 845 2477 et
880 2429 950 2478 M.
986 2429 1315 2479 Laterensem.
1388 2446 1431 2489 4.
1471 2431 1617 2478 Nunc
1645 2447 1756 2480 reus
1788 2441 1888 2480 erat

315 2511 445 2574 apud
471 2509 701 2559 Crassum
733 2510 943 2558 Divitem
968 2510 1158 2558 Vettius
1190 2511 1255 2558 de
1284 2512 1327 2559 vi
1357 2520 1418 2568 et,
1453 2528 1564 2560 cum
1590 2521 1718 2560 esset
1753 2513 1887 2561 dam-

313 2597 468 2645 natus,
510 2597 611 2636 erat
658 2589 886 2637 indicium
927 2589 1285 2651 postulaturus3
1325 2591 1458 2652 quod
1497 2590 1537 2638 si
1573 2590 1887 2652 impetrasset,

313 2670 489 2718 iudicia
534 2670 637 2718 fore
684 2671 994 2718 videbantur:
1048 2686 1106 2717 ea
1147 2685 1253 2727 nos,
1290 2679 1457 2733 utpote
1496 2672 1577 2734 qui
1617 2671 1732 2719 nihil
1769 2687 1886 2720 con-

311 2761 524 2801 temnere
556 2752 811 2811 soleamuS,
844 2768 933 2801 non
967 2752 1359 2812 contemnebamus,
1393 2754 1472 2801 sed
1503 2768 1604 2801 non
1638 2753 1886 2817 pertimes-
