2040 3048
192 120 396 190 Ep.137·]
498 132 681 174 EPIST.
723 131 805 171 AD
841 130 1216 171 FAMILIARES
1251 130 1325 169 xz.
1381 133 1455 170 10.
1662 118 1764 181 265

185 258 418 321 temporis
453 257 700 306 videantur
737 257 830 305 dici
867 271 1027 314 causa,
1063 256 1204 304 malle
1239 270 1319 303 me
1362 262 1497 302 tuum
1535 251 1764 301 iudicium

186 354 333 401 quam
368 354 427 387 ex
463 339 611 387 altera
645 346 780 402 parte
817 339 1037 387 omnium
1070 339 1300 386 istorum:
1337 345 1389 384 tu
1423 336 1553 384 enim
1579 351 1608 383 a
1633 340 1765 383 certo

187 436 332 470 sensu
378 430 425 470 et
466 436 578 470 vero
620 421 805 469 iudicas
848 421 908 469 de
948 421 1119 478 nobis3
1175 419 1309 483 quod
1350 419 1427 467 isti
1471 434 1532 467 ne
1573 417 1766 476 faciant,

185 519 376 552 summa
407 503 742 551 malevolentia
776 510 823 550 et
858 503 1004 551 livore
1044 502 1382 565 impediuntur.
1454 499 1766 563 Interpellent

182 601 276 643 me,
303 601 402 649 quo
438 586 599 633 minus
634 585 901 633 honoratus
938 585 1044 643 sim,
1071 585 1188 633 dum
1223 599 1285 631 ne
1321 583 1638 646 interpellent,
1665 596 1765 645 quo

185 667 343 715 minus
385 683 459 716 res
498 667 690 730 publica
731 682 762 714 a
798 682 877 714 me
920 666 1179 714 commode
1217 666 1539 714 administrari
1582 664 1763 727 possit3

184 765 308 811 quae
356 758 538 812 quanto
588 750 648 798 sit
689 750 739 797 in
787 748 1016 812 periculo,
1067 764 1215 812 quam
1264 756 1434 810 potero
1484 747 1763 795 brevissime

183 846 443 894 exponam.
519 847 562 881 2.
600 831 815 879 Primum
840 832 1076 889 omnium,
1094 838 1326 895 quantam
1352 830 1766 894 perturbationem

183 929 343 961 rerum
380 915 673 962 urbanarum
714 913 898 962 adferat
938 914 1097 962 obitus
1138 913 1393 961 consulum
1435 920 1765 976 quantamque

185 995 494 1059 cupiditatem
518 996 795 1045 hominibus
820 996 998 1045 iniiciat
1021 996 1248 1054 vacuitas,
1265 1011 1365 1044 non
1388 1004 1435 1044 te
1460 995 1611 1058 fugit:
1651 994 1764 1042 satis

183 1094 262 1126 me
310 1079 461 1127 multa
508 1079 771 1142 scripsisse,
812 1094 937 1142 quae
974 1079 1141 1127 litteris
1178 1079 1512 1128 commendari
1561 1077 1764 1141 possint,

185 1156 415 1217 arbitror3
453 1158 555 1206 scio
592 1159 737 1218 enim,
775 1159 851 1206 cui
889 1151 1115 1207 scribam.
1184 1174 1229 1219 3.
1269 1157 1503 1205 Revertor
1538 1171 1669 1204 nunc
1705 1154 1767 1202 ad

184 1240 468 1299 Antonium,
505 1241 587 1304 qui
630 1256 690 1289 ex
729 1240 845 1303 fuga
881 1256 993 1289 cum
1030 1240 1277 1303 parvulam
1313 1256 1514 1288 manum
1551 1239 1766 1303 peditum

184 1320 380 1370 haberet
426 1323 696 1381 inermium,
746 1323 988 1386 ergastula
1035 1323 1268 1371 solvendo
1316 1337 1561 1385 omneque
1610 1334 1765 1384 genus

184 1400 438 1450 hominum
486 1402 768 1464 adripiendo
818 1403 932 1451 satis
990 1418 1226 1464 magnum
1275 1417 1532 1450 numerum
1580 1401 1766 1449 videtur

183 1483 426 1540 effecisse;
463 1483 559 1532 huc
589 1485 790 1533 accessit
822 1500 997 1533 manus
1021 1485 1248 1543 Venffidii,
1276 1501 1402 1548 quae
1436 1492 1568 1532 trans
1603 1485 1766 1546 Apen-

183 1566 351 1613 ninum
374 1566 542 1615 itinere
565 1566 694 1615 facto
717 1567 994 1616 difficillimo
1020 1567 1082 1615 ad
1106 1567 1249 1615 Vada
1281 1568 1497 1630 pervenit
1530 1575 1674 1629 atque
1700 1566 1764 1613 ibi

183 1663 234 1696 se
272 1664 386 1696 cum
432 1650 651 1697 Antonio
693 1650 953 1698 coniunxit.
1027 1649 1116 1698 Est
1157 1665 1387 1698 numerus
1427 1658 1764 1697 veteranorum

182 1739 229 1778 et
258 1739 553 1779 armatorum
590 1732 703 1780 satis
739 1732 967 1795 frequens
1004 1747 1116 1780 cum
1141 1731 1388 1779 Ventidio.
1465 1748 1510 1791 4.
1549 1730 1765 1779 Consilia

183 1813 385 1861 Antonii
425 1813 544 1862 haec
581 1815 676 1863 sint
723 1830 925 1863 necesse
967 1823 1066 1864 est:
1122 1822 1204 1862 aut
1244 1815 1306 1863 ad
1343 1814 1585 1877 Lepidum
1623 1822 1677 1862 ut
1713 1829 1764 1863 se

182 1895 413 1954 conferat,
434 1896 473 1944 si
497 1896 749 1960 recipitur;
788 1906 868 1945 aut
887 1897 1185 1960 Appennino
1206 1897 1510 1960 Alpibusque
1532 1912 1583 1945 se
1602 1903 1766 1944 teneat

182 1987 230 2028 et
255 1979 619 2027 decursionibus
644 1994 732 2041 per
764 1980 964 2043 equites,
992 1994 1115 2042 quos
1140 1979 1286 2026 habet
1310 1980 1504 2036 multos,
1531 1987 1683 2027 vastet
1707 1994 1765 2026 ea

181 2061 302 2119 loca,
328 2061 378 2108 in
403 2076 527 2124 quae
553 2062 802 2109 incurrerit
826 2079 836 2109 ε
875 2070 957 2110 aut
980 2077 1144 2110 rursus
1161 2077 1212 2110 se
1237 2063 1287 2109 in
1311 2060 1554 2110 Etruriam
1578 2061 1762 2120 referat,

182 2144 316 2208 quod
363 2159 421 2191 ea
467 2158 580 2206 pars
627 2144 793 2192 Italiae
842 2145 944 2193 sine
992 2145 1203 2192 exercitu
1242 2153 1329 2194 est.
1403 2144 1556 2204 Quod
1600 2146 1639 2194 si
1688 2160 1766 2192 me

183 2226 364 2275 Caesar
399 2226 611 2275 audisset
647 2235 790 2290 atque
829 2228 1182 2291 Appenninum
1219 2228 1480 2286 transisset,
1521 2228 1572 2275 in
1607 2235 1766 2275 tantas

183 2308 430 2371 angustias
453 2307 723 2357 Antonium
757 2310 1118 2374 compulissem,
1137 2318 1189 2358 ut
1223 2310 1388 2373 inopia
1423 2311 1585 2373 potius
1619 2325 1766 2373 quam

185 2392 309 2440 ferro
341 2391 670 2440 conficeretur.
743 2391 841 2441 Sed
890 2407 1049 2456 neque
1087 2391 1284 2441 Caesari
1333 2392 1558 2455 imperari
1607 2402 1766 2455 potest

185 2490 276 2524 nec
301 2474 481 2523 Caesar
506 2475 732 2523 exercitui
768 2491 857 2524 suo
875 2491 889 2535 ς
928 2476 1057 2539 quod
1092 2483 1351 2538 utrumque
1382 2476 1651 2538 pessimum
1678 2484 1760 2525 est.

185 2558 313 2607 Cum
347 2556 468 2605 haec
498 2557 610 2605 talia
641 2557 750 2617 sint,
775 2573 874 2621 quo
911 2558 1084 2616 minus,
1112 2558 1246 2620 quod
1283 2558 1346 2606 ad
1381 2573 1460 2606 me
1496 2558 1767 2622 pertinebit,

184 2640 406 2688 homines
430 2639 748 2702 interpellent,
773 2648 825 2688 ut
850 2655 996 2704 supra
1021 2641 1204 2704 scripsi,
1231 2655 1334 2688 non
1360 2640 1576 2703 impedio
1596 2657 1608 2701 ;
1648 2641 1767 2690 haec

185 2737 329 2786 quem
355 2721 416 2770 ad
452 2722 655 2770 modum
686 2721 912 2784 explicari
945 2723 1132 2786 possint
1167 2731 1260 2781 aut,
1288 2738 1318 2772 a
1342 2731 1388 2771 te
1415 2739 1527 2772 cum
1559 2723 1768 2786 explica-

185 2803 373 2861 buntur,
401 2818 462 2851 ne
501 2804 823 2866 impediantur
858 2806 1018 2852 timeo.
1095 2816 1137 2865 5.
1179 2804 1319 2853 Alere
1346 2806 1442 2854 iam
1469 2805 1643 2854 milites
1669 2820 1770 2852 non
