2040 3048
264 102 336 156 30
720 98 781 139 M.
825 97 1024 136 TULLII
1061 97 1372 136 CICERONIS
1667 81 1780 155 [Pars
1803 95 1834 135 1.

266 229 497 277 scribere:
540 228 773 292 displiceo
811 228 929 275 mihi
965 244 1055 276 nec
1091 229 1194 276 sine
1231 243 1423 276 summo
1459 227 1616 275 scribo
1654 226 1833 274 dolore.

266 309 350 358 Me
387 319 538 368 tueor,
571 318 624 358 ut
658 310 903 372 oppressis
939 309 1179 367 omnibus,
1216 324 1318 357 non
1353 308 1576 367 demisse,
1611 316 1662 355 ut
1693 308 1837 354 tantis

265 392 407 440 rebus
438 393 598 454 gestis,
632 407 803 454 parum
836 391 1029 440 fortiter.
1099 391 1146 438 A
1180 390 1388 440 Caesare
1419 391 1556 438 valde
1588 389 1838 437 liberaliter

264 472 437 520 invitor
477 469 549 536 [in
582 472 872 534 legationem
909 468 1075 537 illam]‚
1111 472 1201 519 sibi
1236 481 1289 520 ut
1324 473 1416 521 sim
1457 472 1657 534 legatus,
1694 479 1837 533 atque

263 553 407 600 etiam
439 552 587 600 libera
617 553 792 614 legatio
816 553 914 599 voti
947 567 1094 601 causa
1126 553 1275 601 datur.
1349 551 1446 600 Sed
1477 551 1596 600 haec
1627 560 1675 599 et
1702 566 1838 613 prae-

263 633 369 682 sidii
400 634 529 695 apud
560 634 798 697 pudorem
822 633 1049 682 Pulchelli
1085 649 1186 682 non
1218 634 1364 682 habet
1396 634 1510 682 satis
1542 642 1591 681 et
1621 649 1652 681 a
1682 631 1837 680 fratris

263 715 471 763 adventu
505 730 584 763 me
620 715 834 777 ablegat;
874 715 952 763 illa
983 723 1029 763 et
1059 715 1286 764 munitior
1320 723 1393 762 est
1425 723 1472 762 et
1503 729 1604 762 non
1638 714 1837 776 impedit

263 811 360 859 quo
406 797 566 844 minus
619 796 786 854 adsim,
837 812 947 844 cum
994 797 1164 844 velim:
1225 797 1351 844 hanc
1398 811 1492 858 ego
1539 805 1699 854 teneo,
1748 795 1834 844 sed

262 893 459 926 usurum
483 894 562 926 me
587 892 687 925 non
711 886 857 941 puto;
893 893 1051 940 neque
1075 887 1239 926 tamen
1264 878 1351 926 scit
1374 878 1645 941 quisquam.
1718 877 1835 925 Non

262 959 392 1007 lubet
447 959 626 1021 fugere,
682 974 803 1007 aveo
858 974 1088 1022 pugnare.
1175 959 1360 1021 Magna
1415 967 1528 1007 sunt
1581 959 1835 1006 hominum

263 1041 430 1089 studia.
505 1040 603 1088 Sed
637 1041 754 1088 nihil
789 1041 1008 1099 adfirmo,
1042 1049 1094 1088 tu
1126 1041 1220 1089 hoc
1253 1041 1427 1088 silebis.
1500 1056 1544 1098 4.
1570 1039 1647 1088 De
1682 1039 1833 1088 Statio

262 1138 410 1170 manu
433 1122 584 1170 misso
617 1130 665 1171 et
695 1137 797 1170 non
822 1123 962 1170 nullis
995 1123 1095 1170 aliis
1119 1124 1262 1171 rebus
1295 1137 1453 1184 angor
1483 1122 1724 1184 equidem,
1751 1122 1834 1170 sed

262 1205 358 1252 iam
411 1217 607 1266 prorsus
666 1204 879 1252 occallui.
968 1204 1050 1252 Tu
1106 1204 1277 1252 vellem
1331 1219 1426 1266 ego
1480 1203 1554 1250 vel
1608 1218 1833 1265 cuperem

263 1285 484 1332 adesses:
503 1300 610 1353 xnec
643 1285 760 1333 mihi
784 1285 1038 1334 consilium
1062 1301 1153 1333 nec
1178 1285 1444 1334 consolatio
1469 1285 1670 1334 deesset.
1737 1283 1832 1333 Sed

265 1366 330 1415 ita
351 1374 399 1415 te
423 1382 552 1429 para,
578 1376 643 1427 ut,
670 1368 711 1416 si
733 1368 1011 1426 inclamaro,
1037 1368 1244 1416 advoleS.

640 1511 712 1555 12.
783 1508 876 1555 AD
913 1506 1232 1555 ATTicUM
1269 1506 1333 1555 11.
1378 1523 1449 1569 19.

493 1603 601 1653 ScR.
639 1604 819 1654 ROMAE
855 1621 1010 1653 MENSE
1050 1604 1288 1662 Qumnm
1324 1618 1460 1653 A.u.c.
1502 1605 1614 1665 695.

794 1710 962 1743 CICERO
999 1708 1174 1742 ATTICO
1209 1709 1312 1741 SAL.

336 1805 376 1839 1.
420 1789 609 1838 MULTA
632 1806 711 1837 me
742 1790 999 1837 sollicitant
1023 1797 1070 1836 et
1095 1804 1154 1836 ex
1178 1788 1245 1835 rei
1270 1788 1488 1850 publicae
1523 1796 1658 1856 tanto
1693 1796 1830 1838 motu

262 1880 308 1920 et
333 1887 393 1919 ex
417 1872 473 1919 iis
497 1872 733 1933 periculis,
758 1886 883 1932 quae
916 1871 1029 1917 mihi
1068 1870 1159 1932 ipsi
1194 1869 1516 1927 intenduntur,
1540 1877 1589 1917 et
1613 1878 1832 1917 sescenta

262 1961 399 2012 sunt;
438 1954 525 2000 sed
559 1952 677 1999 mihi
713 1952 828 1999 nihil
864 1961 936 2000 est
971 1952 1221 2000 molestius
1257 1966 1405 2013 quam
1441 1950 1646 1999 Statium
1681 1966 1831 1999 manu

261 2036 489 2083 missum:

315 2131 397 2168 Nec
425 2142 555 2168 meum
584 2130 806 2180 imperium:
835 2143 879 2168 ac
909 2130 1023 2168 mitto
1053 2130 1275 2179 imperium:
1305 2143 1383 2168 non
1411 2109 1645 2168 simultatem
1674 2142 1802 2167 meam

315 2200 492 2238 Revereri
521 2199 677 2238 saltem!

263 2282 368 2330 Nec
404 2282 520 2345 quid
555 2282 729 2330 faciam
767 2283 883 2362 scio,
918 2298 1075 2345 neque
1111 2290 1298 2329 tantum
1333 2289 1405 2330 est
1440 2283 1491 2329 in
1526 2298 1591 2339 re,
1621 2291 1829 2345 quantus

261 2374 333 2413 est
375 2379 550 2412 sermo.
621 2365 730 2427 Ego
769 2373 930 2412 autem
981 2381 1042 2412 ne
1091 2365 1230 2412 irasci
1281 2378 1480 2426 possum
1527 2364 1723 2425 quidem
1771 2365 1828 2411 iis

261 2461 384 2509 quos
438 2446 573 2494 valde
622 2461 765 2494 amo:
825 2454 1011 2494 tantum
1059 2446 1217 2503 doleo,
1266 2460 1323 2493 ac
1372 2444 1567 2492 mirifice
1618 2446 1828 2509 quidem.

263 2530 295 2586 †
321 2527 496 2576 Cetera
520 2528 570 2574 in
594 2528 784 2590 magnis
812 2529 954 2575 rebus
973 2544 984 2586 ;
1011 2527 1170 2573 minae
1197 2526 1355 2575 Clodii
1380 2527 1827 2589 contentionesque,

260 2625 372 2671 quae
425 2609 541 2656 mihi
589 2618 942 2672 proponuntur,
992 2609 1184 2656 modice
1232 2624 1310 2655 me
1357 2615 1589 2669 tangunt:
1649 2611 1828 2657 etenim

263 2691 338 2738 vel
385 2691 542 2738 subire
589 2706 672 2737 eas
710 2691 875 2738 videor
918 2690 1038 2761 mihi
1085 2704 1274 2737 summa
1321 2704 1433 2736 cum
1480 2690 1710 2751 dignitate
1757 2692 1829 2739 vel

264 2772 502 2821 declinare
550 2772 678 2820 nulla
724 2787 835 2820 cum
879 2750 1116 2819 molestia
1150 2786 1307 2832 posse.
1391 2771 1538 2819 Dices
1590 2771 1822 2821 fortasse:
