2040 3048
131 115 198 168 Ep.
227 101 310 172 38.]
499 112 684 153 EPIST.
724 112 805 152 AD
841 113 1119 153 ATTJCUM
1161 113 1233 152 VJ.
1277 115 1324 154 2.
1607 116 1703 171 113

127 248 383 303 quaternas
416 239 624 287 habebat
660 239 709 287 in
735 239 1022 303 syngrapha.
1097 239 1219 287 Fieri
1245 254 1345 287 non
1370 246 1571 301 poterat,
1599 255 1702 292 nec.

127 322 166 369 si
214 330 391 385 posset,
436 336 529 384 ego
572 321 669 383 pati
717 336 930 383 possem.
1001 321 1165 370 Audio
1210 321 1413 369 omnino
1456 320 1705 384 Scaptium

126 405 395 466 paenitere;
433 418 546 451 nam
583 403 715 466 quod
749 412 943 452 senatus
982 404 1255 452 consultum
1287 419 1391 453 esse
1426 403 1632 462 dicebat,
1656 411 1708 450 ut

128 486 200 532 ius
232 501 292 533 ex
330 484 606 547 syngrapha
640 484 888 543 diceretur,
914 500 975 533 eo
1010 486 1212 534 consilio
1246 485 1426 534 factum
1463 494 1548 544 est,
1574 482 1708 548 quod

128 567 386 629 pecuniam
415 566 659 615 Salaminii
694 575 864 614 contra
896 567 1053 630 legem
1081 567 1342 616 Gabiniam
1376 574 1706 630 sumpserant;

129 649 318 696 vetabat
353 656 514 696 autem
544 647 656 696 Auli
692 647 768 696 lex
804 648 877 696 ius
915 648 1008 696 dici
1044 649 1104 696 de
1141 650 1206 696 ita
1242 657 1434 711 sumpta
1469 649 1703 711 pecunia:

128 731 336 778 decrevit
359 730 503 793 igitur
528 738 738 787 senatus,
767 738 816 777 ut
840 730 912 778 ius
940 730 1174 778 diceretur
1207 745 1271 778 ex
1301 729 1393 779 ista
1418 730 1707 794 syngrapha.

128 812 273 860 Nunc
298 812 387 859 ista
410 811 554 859 habet
588 812 700 860 iuris
735 812 880 870 idem,
907 812 1042 875 quod
1077 821 1279 870 ceterae,
1306 811 1422 860 nihil
1452 812 1708 875 praecipui.

129 897 172 942 8.
211 893 352 942 Haec
388 910 417 942 a
452 909 530 941 me
567 893 735 942 ordine
770 893 899 942 facta
930 902 1050 957 puto
1085 909 1164 942 me
1197 894 1347 943 Bruto
1380 894 1710 957 probaturum,

129 977 211 1025 tibi
237 977 404 1025 nescio
421 992 436 1036 ;
475 975 652 1025 Catoni
678 983 805 1024 certe
831 975 1066 1038 probabo.
1140 975 1237 1024 Sed
1263 976 1360 1024 iam
1385 975 1448 1024 ad
1483 984 1528 1024 te
1552 976 1711 1039 ipsum

129 1067 364 1108 revertor:
402 1058 481 1106 ain
518 1057 731 1115 tandem,
757 1057 931 1115 Attice,
958 1057 1179 1106 laudator
1214 1057 1499 1120 integritatis
1534 1067 1582 1106 et
1617 1058 1710 1107 ele-

129 1142 322 1206 gantiae
347 1149 552 1198 nostrae,

579 1241 687 1267 ausus
716 1241 754 1267 es
784 1228 857 1267 hoc
887 1240 934 1267 ex
964 1241 1028 1266 Ol'e
1058 1236 1126 1266 tuo
1148 1248 1287 1268 --υ

129 1321 283 1385 inquit
307 1320 511 1378 Ennius,
537 1327 590 1368 ut
614 1319 798 1382 equites
833 1318 1030 1381 Scaptio
1064 1319 1125 1366 ad
1157 1318 1414 1382 pecuniam
1440 1321 1713 1384 cogendam

129 1405 308 1461 darem,
347 1418 425 1450 me
468 1402 677 1465 rogare?
727 1416 790 1449 an
833 1409 884 1449 tu
927 1400 967 1449 si
1005 1416 1200 1449 mecum
1243 1417 1390 1461 esses,
1428 1403 1510 1466 qui
1549 1404 1713 1453 scribis

130 1485 339 1535 morderi
372 1493 417 1533 te
454 1484 709 1542 interdum,
737 1482 870 1547 quod
905 1498 1009 1532 non
1046 1482 1188 1531 simul
1213 1483 1294 1541 sis,
1322 1492 1537 1546 paterere
1562 1501 1642 1534 me
1666 1486 1715 1535 id

132 1567 303 1625 facere,
342 1567 382 1614 si
417 1565 620 1614 vellem?
666 1569 794 1612 ‘non
832 1562 1070 1627 amplius'
1108 1563 1268 1627 inquis
1307 1566 1714 1630 ‘quinquaginta.'

131 1647 259 1697 Cum
285 1647 522 1710 Spartaco
547 1647 709 1694 minus
741 1645 878 1694 multi
913 1645 1072 1708 primo
1107 1644 1329 1695 fuerunt:
1369 1647 1485 1712 quid
1520 1649 1715 1698 tandem

131 1730 216 1778 isti.
229 1730 344 1777 mali
367 1730 418 1777 in
443 1737 542 1777 tam
566 1737 733 1777 tenera
756 1727 913 1776 insula
937 1742 1039 1775 non
1064 1726 1328 1776 fecissent?
1364 1744 1466 1778 non
1491 1730 1717 1780 fecissent

131 1812 325 1860 autem?
361 1811 514 1859 immo
544 1811 660 1874 quid
699 1818 808 1858 ante
843 1809 1102 1858 adventum
1139 1825 1301 1859 meum
1338 1826 1440 1859 non
1466 1811 1716 1861 fecerunt?

133 1893 379 1941 Inclusum
427 1892 477 1939 in
525 1893 656 1940 curia
704 1900 926 1940 senatum
969 1891 1241 1940 habuerunt
1291 1893 1606 1942 Salaminium
1652 1894 1717 1942 ita

130 1975 310 2023 multos
335 1974 450 2032 dies,
476 1980 530 2021 ut
552 1973 813 2022 interierint
836 1988 939 2021 non
965 1974 1082 2022 nulli
1107 1973 1235 2023 fame
1248 1989 1263 2035 ;
1302 1983 1403 2024 erat
1427 1975 1558 2024 enim
1582 1991 1718 2038 prae·

132 2058 284 2106 sectus
319 2055 468 2120 Appii
505 2054 727 2118 Scaptius
763 2063 811 2105 et
845 2056 1055 2105 habebat
1091 2065 1273 2106 turmas
1309 2059 1371 2105 ab
1405 2057 1584 2120 Appio.
1659 2055 1719 2105 Id

51 2153 55 2157 ·
131 2154 211 2187 me
246 2138 390 2201 igitur
423 2146 490 2195 tu,
516 2138 652 2186 cuius
688 2137 962 2186 mehercule
998 2153 1056 2187 os
1091 2139 1208 2187 mihi
1243 2148 1355 2189 ante
1392 2139 1562 2188 oculos
1599 2138 1721 2187 sclet

133 2220 322 2278 versari,
366 2235 478 2268 cum
515 2219 575 2268 de
612 2219 774 2284 aliquo
823 2220 982 2270 officio
1026 2236 1082 2270 ac
1126 2221 1267 2270 laude
1311 2221 1491 2284 cogito,
1534 2229 1586 2269 tu
1623 2236 1719 2277 me,

134 2302 345 2365 inquam,
393 2315 554 2364 rogaS‚
603 2300 877 2365 praefectus
927 2311 980 2351 ut
1031 2303 1253 2368 Scaptius
1302 2303 1393 2351 sit?
1453 2302 1570 2351 alias
1625 2302 1719 2350 hoc

134 2392 465 2442 statueramus,
490 2391 543 2431 ut
575 2384 928 2446 negotiatorem
962 2385 1224 2444 neminem,
1250 2384 1398 2447 idque
1432 2382 1583 2431 Bruto
1607 2398 1719 2446 pro-

133 2463 430 2510 baveramuS.
503 2462 700 2510 Habeat
731 2462 772 2511 is
806 2465 1021 2512 turmas?
1059 2479 1143 2512 cur
1179 2463 1342 2526 potius
1368 2477 1518 2526 quam
1543 2461 1719 2510 cohor-

134 2545 240 2592 tes?
295 2552 491 2607 sumptu
529 2545 625 2592 iam
673 2559 829 2608 nepos
872 2546 1027 2594 evadit
1079 2545 1315 2608 Scaptius.
1390 2560 1433 2606 9.
1475 2541 1720 2592 ‘Volunt’

134 2626 289 2689 inquit
333 2625 633 2691 ‘principes’
709 2626 851 2676 Scio:
901 2641 1017 2676 nam
1058 2627 1121 2675 ad
1156 2642 1236 2674 me
1276 2626 1530 2690 Ephesum
1570 2641 1722 2689 usque

135 2715 369 2756 venerunt
415 2707 684 2774 flentesque
727 2709 945 2773 equitum
1002 2709 1184 2757 scelera
1235 2716 1283 2757 et
1337 2707 1553 2757 miserias
1609 2723 1722 2757 suas

138 2790 437 2849 detulerunt;
498 2790 657 2854 itaque
710 2791 871 2838 statim
929 2790 1039 2839 dedi
1100 2791 1291 2848 litteras,
1341 2798 1393 2837 ut
1443 2805 1503 2838 ex
1559 2789 1722 2856 Cypro

884 2886 903 2920 1
