2040 3048
322 110 341 144 1
354 93 424 159 84
782 104 843 144 M.
884 104 1085 142 TULLII
1121 103 1288 143 elcER
1296 87 1431 142 oms·
1683 89 1795 164 [Pars
1816 105 1884 144 iv.

386 245 427 292 3.
464 228 581 288 Qua
605 244 668 287 re,
695 228 735 276 si
759 229 866 291 quis
892 243 1180 290 congressus
1206 228 1343 277 fuerit
1374 228 1491 275 mihi
1525 242 1637 276 cum
1662 227 1884 285 Caesare,

317 312 404 359 etsi
440 326 539 359 non
578 310 758 366 dubim,
786 311 901 373 quin
939 310 979 358 is
1015 310 1134 358 lenis
1169 310 1219 357 in
1254 308 1386 358 illum
1424 309 1608 357 futurus
1645 309 1704 357 sit
1738 309 1884 372 idque

315 393 410 440 iam
443 392 764 450 declaraverit,
791 407 884 454 ego
918 399 1080 439 tamen
1105 391 1144 440 is
1176 406 1272 450 ero,
1298 392 1379 454 qui
1406 406 1595 454 semper
1619 390 1699 440 fui.
1772 390 1882 450 Sed,

313 482 369 522 ut
400 474 555 532 video,
591 473 742 520 multo
778 474 933 535 magis
972 481 1045 522 est
1079 474 1219 521 nobis
1254 474 1573 522 laborandum
1610 473 1671 521 de
1707 472 1882 532 Africa,

312 570 459 619 quam
484 555 679 618 quidem
706 563 755 602 tu
780 555 946 603 scribis
972 555 1243 603 confirmari
1263 556 1478 618 quotidie
1504 555 1659 617 magis
1684 554 1745 603 ad
1770 570 1883 603 con-

311 637 513 685 dicionis
552 651 690 699 spem
727 652 873 699 quam
910 637 1145 685 victoriae.
1223 636 1374 695 Quod
1408 637 1595 684 utinam
1630 638 1695 685 ita
1730 640 1880 685 esset!

311 720 398 767 sed
421 719 565 781 longe
591 719 723 766 aliter
747 733 851 766 esse
886 718 1127 782 intellego,
1155 728 1297 782 teque
1323 720 1483 781 ipsum
1516 719 1580 766 ita
1612 719 1883 766 existimare

311 801 525 858 arbitror,
562 800 694 847 aliter
731 807 893 847 autem
932 801 1154 859 scribere,
1192 816 1292 849 non
1334 800 1542 859 fallendi,
1583 801 1670 848 sed
1708 801 1880 848 confir-

311 883 474 931 mandi
499 882 595 930 mei
620 897 780 941 causa,
806 883 1088 945 praesertim
1122 898 1232 930 cum
1263 883 1549 945 adiungatur
1582 882 1643 930 ad
1668 883 1882 931 Africam

311 964 454 1011 etiam
492 963 744 1026 Hispania.
818 980 860 1022 4.
901 963 1050 1023 Quod
1087 980 1165 1011 me
1203 965 1452 1022 admones,
1492 972 1543 1012 ut
1579 965 1785 1012 scribam
1821 966 1883 1013 ad

311 1046 577 1093 Antonium
611 1052 658 1093 et
689 1045 751 1093 ad
780 1054 981 1104 ceterOS,
1009 1046 1049 1093 si
1073 1046 1189 1109 quid
1214 1046 1448 1094 videbitur
1483 1047 1567 1093 tibi
1603 1060 1727 1108 opus
1762 1061 1882 1106 esse,

311 1129 451 1177 velim
481 1127 628 1176 facias
661 1128 723 1186 id,
751 1129 883 1191 quod
916 1143 1061 1192 saepe
1086 1129 1263 1188 fecisti;
1306 1129 1421 1176 nihil
1457 1130 1586 1176 enim
1617 1129 1734 1177 mihi
1757 1131 1884 1178 venit

312 1212 360 1259 in
383 1220 612 1268 mentem,
654 1210 788 1273 quod
830 1211 1136 1259 scribendum
1180 1219 1358 1274 putem.
1431 1209 1580 1270 Quod
1622 1226 1700 1258 me
1748 1211 1882 1258 audis

312 1292 594 1340 erectiorem
625 1306 732 1339 esse
765 1291 943 1349 animo,
970 1291 1086 1354 quid
1110 1300 1263 1354 putas,
1291 1307 1402 1340 cum
1427 1293 1590 1339 videas
1623 1293 1883 1340 accessisse

312 1375 374 1424 ad
421 1374 689 1437 superiores
737 1374 1060 1437 aegritudines
1107 1375 1378 1438 praeclaras
1424 1376 1588 1438 generi
1635 1377 1884 1425 actiones?

313 1456 393 1504 Tu
424 1465 585 1504 tamen
609 1456 751 1504 velim
787 1472 847 1503 ne
880 1457 1177 1516 intermittas,
1204 1458 1338 1521 quod
1367 1459 1467 1506 eius
1500 1457 1656 1506 facere
1690 1459 1883 1520 poteris,

313 1529 517 1587 scribere
544 1539 606 1586 ad
630 1553 722 1597 me,
744 1539 887 1586 etiam
913 1539 951 1586 si
976 1554 1092 1595 rem,
1113 1540 1174 1587 de
1200 1555 1296 1602 qua
1321 1540 1516 1598 scribas,
1536 1555 1637 1588 non
1656 1540 1856 1588 habebis
1869 1557 1881 1600 ;

312 1638 503 1685 semper
528 1623 658 1670 enirn
693 1622 914 1669 adferunt
944 1622 1120 1685 aliquid
1153 1623 1268 1670 mihi
1295 1632 1403 1671 tuae
1438 1624 1632 1671 litterae.
1707 1622 1883 1672 Galeo-

312 1705 387 1751 nis
422 1703 734 1753 hereditatem
771 1706 926 1765 crevi;
981 1714 1100 1768 puto
1142 1707 1269 1754 enim
1312 1708 1575 1755 cretionem
1618 1707 1885 1770 simplicem

314 1785 473 1844 fuisse,
523 1787 756 1848 quoniam
813 1787 875 1834 ad
927 1802 1006 1835 me
1063 1787 1192 1835 nulla
1245 1789 1393 1836 missa
1441 1796 1526 1836 est.
1615 1803 1714 1836 vm.
1770 1788 1885 1837 Idus

314 1865 526 1916 Martias.

613 2000 691 2048 83.
764 1999 859 2047 AD
896 1998 1319 2047 FAMILIARES
1356 1998 1464 2047 XV.
1510 2011 1582 2061 15.

753 2093 862 2143 Sen.
891 2095 1143 2142 Bmmmsn
1179 2109 1318 2142 A.U.c.
1347 2105 1459 2154 707.

787 2197 837 2230 M.
865 2197 1034 2232 CICERO
1058 2197 1092 2230 s.
1117 2198 1162 2230 n.
1181 2197 1222 2231 c.
1243 2197 1413 2231 CAssm.

388 2294 426 2328 r.
464 2278 582 2327 ETs1
606 2288 804 2342 uterque
831 2286 1049 2327 nostrum
1084 2293 1170 2341 spe
1203 2278 1337 2340 pacis
1368 2286 1416 2325 et
1448 2278 1562 2326 odio
1598 2279 1743 2328 civilis
1777 2296 1884 2328 san·

315 2357 472 2420 guinis
514 2358 684 2406 abesse
726 2372 755 2406 a
796 2357 905 2406 belli
947 2356 1209 2419 pertinacia
1244 2356 1405 2414 voluit,
1443 2365 1619 2416 tamen,
1657 2360 1885 2420 quoniam

310 2440 418 2487 eius
443 2438 628 2487 consilii
658 2439 883 2502 princeps
913 2453 1007 2501 ego
1041 2437 1187 2486 fuisse
1221 2438 1400 2496 videor,
1426 2438 1534 2501 plus
1568 2438 1770 2489 fortasse
1804 2443 1886 2491 tibi

316 2528 560 2584 praestare
586 2521 691 2584 ipse
716 2520 872 2569 debeo
899 2535 1043 2584 quam
1070 2535 1098 2567 a
1122 2528 1167 2568 te
1194 2528 1500 2583 exspectare:
1539 2522 1639 2580 etsi,
1665 2531 1716 2570 ut
1742 2538 1885 2589 saepe

318 2603 450 2652 soleo
485 2617 679 2651 mecum
715 2603 969 2660 recordari,
997 2617 1156 2650 sermo
1194 2601 1436 2652 familiaris
1473 2620 1610 2652 meus
1647 2614 1805 2654 tecum
1842 2618 1887 2657 et

318 2687 430 2733 item
463 2699 655 2732 mecum
688 2693 798 2734 tuus
831 2685 1030 2734 adduxit
1061 2694 1316 2748 utrumque
1349 2695 1564 2735 nostrum
1598 2687 1661 2735 ad
1691 2688 1741 2736 id
1772 2704 1886 2738 con-

319 2765 492 2824 silium,
515 2775 568 2813 ut
598 2781 698 2814 uno
735 2767 919 2829 proelio
955 2775 1247 2830 putaremus,
1274 2769 1313 2816 si
1351 2785 1450 2817 non
1488 2777 1639 2820 totam
1675 2785 1884 2825 causam.
