2040 3048
273 100 340 154 74
724 98 786 138 M.
832 97 1025 137 TULLJJ
1063 97 1376 137 CICERONIS
1643 89 1757 156 [Pars
1784 101 1836 141 11.

271 227 517 284 exspect0,
547 220 665 284 quid
700 228 826 283 agat.
897 220 1023 269 Illud
1058 220 1255 284 quidem
1291 236 1459 270 sumus
1495 222 1670 285 adepti,
1705 222 1840 286 quod

270 302 431 351 multis
456 310 503 350 et
525 304 716 365 magnis
742 302 925 351 iudiciis
944 317 1204 366 possumus
1228 302 1438 351 iudicare
1463 317 1555 351 nos
1574 302 1769 352 Caesari
1794 312 1842 351 et

271 385 546 434 carissimos
564 393 612 433 et
628 386 1003 434 iucundissimos
1020 401 1140 434 esse.
1197 385 1486 448 Dionysium
1502 385 1643 433 velim
1663 387 1842 434 salvere

272 468 438 516 iubeas
475 476 523 516 et
552 483 664 516 eum
696 483 840 531 roges
876 476 923 515 et
951 467 1155 525 hortere,
1180 476 1232 515 ut
1262 483 1409 530 quarn
1438 467 1646 529 primum
1671 467 1841 523 veniat,

274 557 324 596 ut
349 548 504 611 possit
520 547 808 597 Ciceronem
834 563 997 603 meum
1022 556 1166 611 atque
1192 549 1335 597 etiam
1359 563 1437 595 me
1455 548 1615 610 ipsum
1640 547 1842 595 erudire.

630 703 708 749 29.
778 699 872 747 AD
908 698 1326 748 FAMILIARES
1363 700 1402 747 1.
1442 716 1487 761 9.

376 794 484 845 Scn.
524 795 706 844 ROMAE
740 811 896 844 MENSE
931 795 1155 845 Oc'rossm
1189 811 1415 844 EXEUNTE
1450 810 1588 844 A.u.c.
1629 806 1741 857 700.

618 898 668 931 M.
705 899 876 933 CICERO
911 898 946 933 s,
983 899 1031 932 D.
1068 899 1108 932 P.
1145 899 1373 933 LENTULO
1410 899 1508 931 ῙΜΡ.

350 991 391 1025 1.
426 976 777 1027 PERnquNDAE
811 978 927 1026 mihi
963 978 1156 1027 fuerunt
1190 979 1372 1026 litterae
1407 986 1531 1038 tuae,
1564 978 1739 1042 quibus
1775 978 1846 1026 in·

277 1060 434 1108 tellexi
474 1068 520 1107 te
561 1061 833 1125 perspicere
871 1076 1031 1109 meam
1073 1061 1122 1108 in
1164 1069 1210 1108 te
1253 1061 1512 1124 pietatem:
1563 1060 1678 1123 quid
1717 1060 1847 1108 enim

277 1141 437 1189 dicam
477 1142 878 1202 benevolentiam,
918 1158 1029 1190 cum
1071 1142 1187 1191 illud
1225 1143 1386 1205 ipsum
1423 1142 1760 1205 gravissimum
1801 1149 1849 1188 et

277 1222 635 1271 sanctissimum
682 1238 865 1272 nornen
913 1225 1103 1287 pietatis
1149 1224 1298 1272 levius
1344 1224 1462 1271 mihi
1507 1223 1686 1271 meritis
1733 1238 1850 1286 erga

277 1319 356 1352 me
403 1305 495 1352 tuis
551 1320 657 1354 esse
703 1305 950 1354 videatur?
1021 1305 1172 1365 Quod
1219 1313 1379 1353 autem
1426 1306 1512 1353 tibi
1557 1314 1695 1368 grata
1740 1320 1850 1352 mea

279 1402 395 1451 erga
429 1395 476 1435 te
519 1387 673 1435 studia
711 1387 876 1435 scribis
917 1402 1037 1446 esse,
1071 1387 1188 1436 facis
1229 1396 1280 1435 tu
1318 1387 1514 1449 quidem
1554 1386 1850 1435 abundantia

279 1469 491 1533 quadam
529 1470 720 1528 amoris,
763 1477 815 1518 ut
856 1470 1000 1518 etiam
1042 1479 1178 1533 grata
1223 1470 1318 1518 sint
1359 1486 1430 1529 ea,
1479 1485 1604 1534 quae
1638 1477 1847 1532 praeter·

279 1551 401 1600 mitti
425 1552 527 1600 sine
552 1551 735 1600 nefario
768 1551 944 1600 scelere
976 1567 1079 1600 non
1109 1559 1346 1614 possunt3
1383 1551 1468 1599 tibi
1499 1559 1661 1599 autem
1695 1550 1847 1598 multo

279 1634 438 1683 notior
470 1642 615 1697 atque
650 1633 871 1682 illustrior
906 1649 1043 1682 meus
1089 1634 1138 1681 in
1184 1642 1230 1682 te
1272 1634 1462 1681 animus
1503 1641 1641 1692 esset,
1680 1633 1719 1680 si
1753 1631 1847 1680 hoc

281 1724 501 1778 tempore
538 1715 689 1774 omni,
727 1730 826 1778 quo
867 1716 1064 1764 diiuncti
1101 1715 1292 1775 fuimus,
1335 1723 1382 1763 et
1421 1730 1521 1763 una
1567 1722 1615 1762 et
1657 1713 1847 1762 Romae

281 1798 549 1845 fuissemus.
625 1813 667 1845 2.
707 1796 836 1845 Nam
883 1797 932 1844 in
967 1812 1027 1845 eo
1063 1797 1186 1860 ipso,
1224 1797 1356 1860 quod
1402 1805 1448 1844 te
1490 1795 1705 1845 ostendis
1741 1811 1848 1844 esse

282 1880 517 1927 facturum
552 1878 782 1942 quodque
817 1887 866 1927 et
900 1879 950 1926 in
984 1879 1151 1941 primis
1186 1887 1326 1942 potes
1361 1886 1408 1926 et
1442 1892 1536 1940 ego
1566 1893 1595 1925 a
1625 1886 1672 1925 te
1705 1877 1847 1925 vehe-

277 1968 468 2008 menter
514 1969 756 2023 exspecto,
804 1961 855 2008 in
906 1961 1152 2008 sententiis
1207 1960 1458 2009 senatoriis
1516 1967 1564 2007 et
1619 1959 1669 2006 in
1715 1959 1848 2006 omni

279 2043 468 2090 actione
503 2049 648 2103 atque
683 2041 1093 2089 administratione
1128 2042 1195 2089 rei
1230 2042 1450 2105 publicae
1485 2040 1847 2088 floruissemus:

277 2123 337 2171 de
363 2138 458 2186 qua
482 2123 737 2171 ostendam
761 2122 990 2185 equidem
1014 2122 1158 2186 paulo
1182 2131 1307 2185 post,
1328 2123 1409 2186 qui
1435 2122 1492 2170 sit
1516 2136 1653 2169 meus
1679 2136 1849 2169 sensus

278 2212 325 2253 et
350 2212 515 2263 status,
540 2212 588 2252 et
611 2204 871 2252 rescribam
896 2204 980 2252 tibi
1011 2204 1073 2251 ad
1105 2219 1177 2264 ea,
1202 2219 1326 2268 quae
1351 2204 1541 2267 quaeris
1561 2219 1574 2262 ;
1612 2203 1698 2251 sed
1720 2211 1849 2251 certe

278 2295 324 2335 et
359 2302 454 2348 ego
489 2293 536 2334 te
572 2294 765 2334 auctore
801 2285 1093 2333 amicissimo
1127 2301 1184 2333 ac
1220 2285 1572 2348 sapientissimo
1605 2292 1653 2332 et
1685 2291 1737 2331 tu
1770 2298 1850 2331 me

280 2368 549 2416 consiliario
590 2367 793 2416 fortasse
828 2382 929 2415 non
975 2366 1348 2429 imperitissimo,
1390 2365 1518 2414 fideli
1558 2365 1755 2429 quidem
1802 2373 1850 2412 et

277 2449 515 2497 benevolo
562 2457 703 2507 certe,
750 2464 866 2497 usus
913 2463 1044 2496 esses
1066 2466 1075 2495 :
1095 2476 1165 2483 —
1182 2462 1480 2511 quamquam
1526 2455 1607 2495 tua
1653 2447 1848 2510 quidem

278 2547 425 2580 causa
462 2541 509 2580 te
546 2548 652 2580 esse
699 2532 1039 2594 imperatorem
1086 2531 1480 2593 provinciamque
1527 2530 1654 2577 bene
1700 2531 1847 2592 gestis

280 2615 423 2662 rebus
459 2629 569 2662 cum
606 2614 817 2661 exercitu
851 2613 1029 2660 victore
1063 2613 1296 2669 obtinere,
1322 2620 1373 2658 ut
1406 2610 1576 2668 debeo,
1601 2610 1751 2658 laetor
1765 2625 1846 2658 :—

280 2695 366 2743 sed
390 2702 517 2742 certe
536 2695 618 2757 qui
642 2694 725 2741 tibi
750 2708 810 2740 ex
836 2707 914 2740 me
943 2691 1124 2740 fructus
1148 2692 1394 2750 debentur,
1421 2705 1506 2738 eos
1530 2690 1774 2738 uberiores
1799 2698 1846 2739 et

278 2778 627 2843 praesentiores
673 2789 902 2839 praesens
950 2790 1121 2836 capere
1169 2774 1421 2836 potuisses.
1511 2772 1571 2820 In
1617 2771 1684 2820 eis
1730 2787 1840 2820 vero
