2040 3048
274 103 369 142 122
719 101 781 138 M.
827 100 1023 139 TULLII
1062 102 1377 142 CICERONIS
1654 94 1768 161 [Pars
1795 105 1844 143 11.

266 223 469 271 consilio
499 223 548 271 in
577 223 787 272 Siciliam
823 241 901 273 me
939 226 1138 286 mittere,
1165 227 1300 289 quod
1333 227 1590 290 imperium
1625 228 1843 276 habeam.

266 306 323 353 Id
348 313 420 354 est
442 306 747 367 Ἀβδηριτικόν.
819 307 924 355 Nec
949 309 1078 355 enim
1112 318 1306 356 senatus
1333 311 1540 357 decrevit
1572 325 1663 358 nec
1688 325 1843 374 popu-

265 388 338 435 lus
385 388 521 435 iussit
568 403 646 435 me
691 388 947 451 imperium
989 391 1038 437 in
1081 389 1239 438 Sicilia
1279 391 1485 451 habere;
1532 393 1605 439 sin
1640 392 1734 441 hoc
1769 408 1845 440 res

265 469 458 532 publica
483 469 544 517 ad
570 468 859 533 Pompeium
891 471 1056 530 defert,
1082 473 1164 535 qui
1199 488 1277 520 me
1317 475 1471 535 magis
1505 489 1654 536 quam
1690 475 1843 537 priva-

266 560 367 598 tum
392 551 602 613 aliquem
626 553 813 601 mittat?
849 553 1024 616 itaque,
1051 555 1089 602 si
1123 554 1217 603 hoc
1250 556 1505 617 imperium
1530 556 1646 603 mihi
1670 556 1845 604 moles-

265 642 366 680 tum
392 634 491 692 erit,
518 641 624 681 utar
660 649 717 681 ea
753 643 905 697 porta,
933 650 1082 698 quam
1119 636 1325 699 primam
1362 637 1542 686 videro.
1618 649 1661 698 5.
1701 637 1844 695 Nam,

266 715 401 778 quod
450 716 617 764 scribis
656 715 907 764 mirificam
944 719 1358 780 exspectationem
1396 733 1503 767 esse
1543 720 1640 767 mei
1687 734 1844 781 neque

264 808 427 847 tamen
461 814 757 862 quemquam
792 802 1035 848 bonorum
1065 808 1146 849 aut
1183 802 1297 849 satis
1334 803 1578 850 bonorum
1614 802 1845 861 dubitare,

265 881 381 943 quid
417 881 630 929 facturus
673 882 778 940 sim,
815 897 924 944 ego,
963 898 1087 945 quos
1124 891 1176 930 tu
1210 884 1370 931 bonos
1412 898 1519 931 esse
1559 885 1705 942 dicas,
1742 899 1846 931 non

264 963 668 1026 intellego—ipse
704 963 862 1011 nullos
906 965 1103 1023 novi-——,
1142 965 1229 1013 sed
1265 965 1342 1022 ita,
1381 966 1419 1012 si
1456 965 1651 1013 ordines
1686 967 1843 1013 bono-

265 1061 370 1093 rum
396 1045 685 1109 quaerimus.
757 1045 888 1093 Nam
915 1047 1180 1109 singulares
1206 1054 1316 1094 sunt
1341 1047 1456 1094 boni
1485 1047 1582 1105 viri,
1609 1063 1773 1094 verum
1797 1049 1844 1094 in

265 1126 646 1175 dissensionibus
671 1127 866 1175 ordines
884 1128 1127 1176 bonorum
1152 1137 1199 1176 et
1216 1143 1398 1191 genera
1423 1129 1698 1192 quaerenda
1723 1140 1844 1178 sunt.

265 1208 497 1257 Senatum
525 1209 712 1257 bonum
739 1217 892 1271 putas,
921 1225 1006 1272 per
1039 1225 1184 1273 quem
1216 1211 1318 1258 sine
1343 1210 1546 1273 imperio
1571 1211 1845 1273 provinciae

263 1300 373 1340 sunt
390 1292 747 1355 ?—numquam
772 1292 900 1340 enim
935 1292 1083 1340 Curio
1116 1293 1430 1352 sustinuisset,
1459 1293 1498 1340 si
1528 1305 1640 1341 cum
1671 1308 1733 1341 eo
1766 1295 1843 1356 agi

263 1383 492 1436 coeptum
524 1381 664 1433 esset,
692 1389 839 1436 quam
873 1376 1160 1423 sententiam
1192 1383 1387 1423 senatus
1420 1375 1555 1437 sequi
1590 1375 1756 1434 noluit,
1782 1391 1842 1423 ex

263 1471 361 1518 quo
387 1456 567 1504 factum
601 1464 674 1504 est
706 1464 757 1504 ut
783 1455 980 1504 Caesari
1004 1471 1106 1504 non
1139 1457 1606 1505 succederetur—an
1630 1457 1841 1520 publica-

263 1537 391 1586 nos?
428 1539 511 1602 qui
547 1552 815 1600 numquam
850 1538 986 1597 firmi,
1014 1538 1099 1587 sed
1131 1554 1261 1587 nunc
1288 1537 1485 1587 Caesari
1515 1547 1628 1587 sunt
1652 1540 1840 1588 amicis-

264 1621 521 1679 simi‚—an
536 1618 887 1668 faeneratores?
927 1636 989 1668 an
1005 1621 1265 1683 agricolas?
1296 1622 1470 1684 quibus
1486 1622 1841 1684 optatissimum

263 1711 335 1750 est
359 1702 526 1762 otium,
554 1702 645 1750 nisi
670 1716 757 1749 eos
791 1702 958 1749 timere
992 1711 1147 1765 putaS,
1173 1718 1234 1751 ne
1261 1705 1350 1751 sub
1374 1717 1528 1766 regno
1555 1704 1662 1762 sint,
1688 1705 1770 1766 qui
1794 1705 1843 1752 id

265 1799 546 1847 numquam,
569 1785 684 1832 dum
709 1785 859 1832 modo
885 1785 1026 1833 otiosi
1061 1794 1235 1845 essent,
1261 1794 1557 1834 recusarunt.
1629 1787 1672 1834 6.
1711 1786 1844 1845 Quid

265 1867 415 1929 ergo?
453 1867 714 1914 exercitum
738 1867 999 1925 retinentis,
1018 1883 1130 1915 cum
1154 1867 1273 1929 legis
1299 1868 1402 1915 dies
1426 1868 1675 1927 transierit,
1701 1870 1843 1916 ratio-

265 1963 378 1996 nem
403 1948 568 1996 haberi
592 1948 783 2011 placet?
820 1948 943 1995 Mihi
968 1964 1081 1997 vero
1115 1965 1176 1997 ne
1209 1950 1422 1998 absentis
1450 1949 1660 2012 quidem.
1733 1950 1841 2009 Sed,

264 2046 376 2078 cum
411 2031 460 2078 id
486 2031 652 2077 datum
678 2038 764 2088 est,
790 2030 905 2078 illud
932 2046 1029 2078 una
1054 2031 1219 2079 datum
1244 2040 1330 2080 est.
1402 2034 1416 2057 ‘
1433 2032 1691 2079 Annorum
1715 2034 1841 2080 enim

265 2113 437 2160 decem
461 2112 716 2174 imperium
740 2120 786 2159 et
810 2112 874 2159 ita
897 2112 1046 2160 latum
1060 2110 1279 2175 placetR'
1340 2113 1502 2162 Placet
1536 2114 1678 2175 igitur
1701 2115 1840 2162 etiam

262 2210 342 2243 me
368 2194 624 2257 expulsum
649 2202 696 2241 et
728 2210 899 2257 agrum
925 2194 1233 2256 Campanum
1263 2197 1443 2257 perisse
1481 2204 1528 2243 et
1561 2197 1843 2258 adoptatum

264 2277 516 2340 patricium
553 2292 581 2323 a
616 2276 823 2338 plebeio,
851 2275 1145 2325 Gaditanum
1173 2293 1201 2325 a
1226 2277 1536 2341 Mytilenaeo,
1562 2286 1608 2326 et
1644 2278 1842 2328 Labieni

265 2359 453 2407 divitiae
489 2366 536 2406 et
575 2358 851 2407 Mamurrae
886 2359 1077 2421 placent
1113 2367 1160 2406 et
1195 2358 1332 2407 Balbi
1368 2359 1492 2406 horti
1527 2367 1575 2407 et
1610 2360 1840 2409 Tuscula-

265 2456 396 2489 num.
486 2439 582 2489 Sed
629 2440 803 2489 horum
845 2441 1064 2488 omnium
1112 2439 1222 2488 fons
1269 2455 1396 2489 unus
1443 2448 1541 2489 est:
1601 2441 1840 2490 imbecillo

263 2523 585 2570 resistendum
610 2522 708 2582 fuit,
735 2531 782 2570 et
806 2523 855 2571 id
880 2530 979 2571 erat
1003 2522 1139 2570 facile
1158 2538 1170 2582 ;
1209 2538 1339 2571 nunc
1363 2523 1581 2586 legiones
1606 2539 1684 2581 XL,
1711 2524 1840 2586 equi-

265 2612 390 2652 tatus
427 2612 598 2664 tantus,
626 2612 860 2668 quantum
897 2605 1037 2662 volet,
1064 2605 1415 2667 Transpadani,
1442 2605 1609 2667 plebes
1645 2606 1842 2666 urbana,

265 2695 337 2734 tot
384 2687 557 2733 tribuni
606 2687 683 2749 pL,
727 2695 825 2734 tam
873 2687 1056 2749 perdita
1104 2687 1336 2745 iuventus,
1387 2694 1517 2734 tanta
1564 2688 1842 2735 auctoritate

265 2768 378 2828 dux,
406 2776 536 2816 tanta
562 2769 775 2820 audacia.
848 2768 974 2820 Cum
1010 2769 1104 2819 hoc
1138 2777 1219 2818 aut
1244 2769 1626 2835 depugnandum
1658 2777 1730 2817 est
1762 2777 1843 2821 aut
