2040 3048
303 69 374 119 66
783 80 845 119 M.
890 79 1086 119 TULLII
1122 81 1290 120 ozcER
1297 82 1432 120 oms
1679 72 1794 140 [Pars
1819 84 1870 126 11.

305 210 420 269 Quo
453 210 649 274 quidem
684 219 917 273 tempore,
942 219 995 259 ut
1026 212 1281 274 perscripsi
1314 212 1376 259 ad
1405 221 1452 260 te
1485 220 1638 270 antea,
1665 213 1872 275 cognovi

307 291 623 340 Hortensium
671 292 986 355 percupidum
1039 294 1119 352 tui,
1173 293 1442 342 studiosum
1495 294 1766 352 Lucullum,
1812 309 1870 342 ex

305 374 661 436 magistratibus
720 382 878 421 autern
938 373 993 421 L.
1054 373 1292 423 Racilium
1351 384 1396 422 et
1454 375 1547 423 fide
1601 383 1647 422 et
1705 376 1869 423 animo

307 455 549 518 singulari.
622 454 751 501 Nam
776 464 941 503 nostra
966 457 1284 518 propugnatio
1311 471 1367 503 ac
1392 456 1607 505 defensio
1632 457 1873 519 dignitatis

305 546 416 585 tuae
439 543 635 599 propter
659 536 1041 599 magnitudinem
1072 536 1292 585 beneficii
1318 537 1385 584 tui
1408 537 1611 586 fortasse
1635 538 1872 601 plerisque

307 618 452 666 officii
492 618 726 665 maiorem
759 619 1088 667 auctoritatem
1123 619 1301 667 habere
1335 619 1549 667 videatur
1583 635 1729 683 quam
1766 636 1872 668 sen-

306 700 494 748 tentiae.
582 715 625 761 3.
663 699 916 748 Praeterea
963 700 1160 763 quidem
1207 701 1267 749 de
1315 702 1645 750 consularibus
1691 702 1872 750 nemini

307 796 507 844 possum
531 789 612 828 aut
641 782 782 829 studii
807 798 922 845 erga
947 790 993 831 te
1023 791 1103 831 aut
1135 783 1278 831 officii
1311 791 1392 830 aut
1420 783 1561 832 amici
1593 785 1739 832 animi
1767 799 1873 832 esse

307 863 477 911 testis:
524 863 702 911 etenim
737 862 1039 926 Pompeium,
1076 865 1159 928 qui
1204 880 1398 913 mecum
1446 866 1725 927 saepissime
1772 880 1873 912 non

307 947 465 994 solum
500 961 531 993 a
567 960 646 992 me
693 955 993 1008 provocatuS,
1041 947 1127 995 sed
1175 947 1319 995 etiarn
1366 963 1453 996 sua
1499 957 1673 1010 sponte
1720 948 1781 996 de
1827 956 1875 995 te

308 1026 667 1076 communicare
714 1027 848 1086 solet,
886 1030 980 1076 scis
1026 1029 1324 1091 temporibus
1370 1029 1458 1078 illis
1502 1044 1604 1078 non
1646 1045 1789 1092 saepe
1824 1031 1875 1077 in

308 1116 479 1157 senatu
525 1108 699 1167 fuisse;
750 1111 826 1158 cui
873 1110 1068 1173 quidem
1115 1111 1295 1159 litterae
1330 1119 1458 1172 tuae,
1501 1127 1621 1175 quas
1654 1113 1876 1175 proxime

306 1190 519 1248 miseras,
567 1191 700 1252 quod
747 1190 885 1240 facile
931 1191 1257 1251 intellexerim,
1300 1193 1624 1255 periucundae
1670 1193 1873 1262 suerunt.

308 1270 430 1318 Mihi
465 1272 661 1334 quidem
696 1271 967 1321 humanitas
1000 1282 1081 1322 tua
1112 1275 1186 1322 vel
1222 1290 1410 1323 summa
1444 1276 1605 1337 potius
1642 1277 1876 1340 sapientia

308 1368 410 1401 non
457 1353 666 1401 iucunda
722 1354 892 1412 solum,
947 1355 1033 1403 sed
1084 1356 1228 1403 etiarn
1281 1357 1570 1405 admirabilis
1622 1359 1724 1406 visa
1771 1368 1875 1407 est:

307 1435 460 1482 virum
496 1436 626 1483 enim
668 1436 981 1484 excellentem
1030 1445 1076 1485 et
1122 1437 1205 1484 tibi
1253 1445 1336 1486 tua
1383 1440 1643 1500 praestanti
1677 1440 1728 1487 in
1764 1455 1875 1488 eum

307 1516 584 1565 liberalitate
618 1517 907 1575 devinctum,
934 1533 1036 1566 non
1067 1518 1184 1566 nihil
1218 1521 1542 1582 suspicantem
1566 1529 1764 1584 propter
1797 1523 1876 1570 ali-

309 1612 518 1661 quorum
542 1599 827 1660 opinionem
860 1615 975 1648 suae
1000 1601 1273 1663 cupiditatis
1297 1609 1343 1650 te
1367 1602 1429 1649 ab
1462 1617 1514 1650 se
1539 1603 1875 1662 abalienatum,

310 1680 388 1727 illa
422 1679 624 1743 epistola
657 1681 917 1742 retinuisti3
966 1684 1048 1745 qui
1082 1684 1199 1732 mihi
1231 1698 1343 1732 cum
1379 1699 1572 1746 semper
1604 1693 1713 1734 tuae
1748 1687 1877 1734 laudi

309 1761 466 1810 favere
520 1763 649 1810 visus
707 1771 794 1822 est,
841 1765 985 1812 etiam
1043 1766 1150 1827 ipso
1210 1766 1600 1828 suspitiosissimo
1659 1777 1877 1831 tempore

310 1843 598 1902 Caniniano,
618 1852 721 1892 turn
739 1860 852 1893 vero
878 1846 1011 1894 lectis
1036 1847 1128 1895 tuis
1154 1847 1318 1896 litteris
1343 1857 1624 1910 perspectus
1648 1858 1722 1897 est
1746 1865 1774 1897 a
1798 1866 1877 1898 me

310 1932 413 1973 toto
456 1925 621 1973 animo
660 1926 720 1973 de
758 1935 804 1974 te
846 1943 902 1974 ac
944 1928 1004 1975 de
1046 1929 1139 1976 tuis
1178 1930 1475 1977 ornamentis
1515 1931 1563 1978 e't
1604 1934 1877 1981 commodis

309 2007 539 2068 cogitare.
625 2022 666 2064 4.
709 2006 822 2066 Qua
856 2024 906 2056 re
940 2024 1011 2067 ea,
1049 2025 1171 2072 quae
1208 2011 1430 2071 scribam,
1468 2013 1536 2060 sic
1571 2012 1765 2072 habeto,
1798 2031 1877 2063 me

311 2104 422 2136 cum
453 2088 535 2136 illo
566 2103 617 2136 re
653 2104 796 2151 saepe
833 2092 1187 2139 communicata
1223 2092 1284 2139 de
1315 2093 1437 2142 illius
1466 2095 1529 2142 ad
1563 2103 1610 2143 te
1643 2099 1878 2145 sententia

310 2178 456 2232 atque
497 2170 775 2219 auctoritate
817 2172 1049 2220 scribere:
1098 2174 1328 2237 quoniam
1368 2183 1562 2224 senatus
1603 2180 1877 2227 consultum

311 2252 495 2299 nullum
552 2258 722 2310 exstat,
765 2267 863 2315 quo
918 2253 1133 2302 reductio
1190 2256 1316 2317 regis
1376 2252 1730 2325 [Alexandrini]
1793 2262 1878 2309 tibi

312 2333 542 2395 adempta
566 2333 640 2391 sit,
666 2348 834 2396 eaque,
861 2349 986 2397 quae
1011 2336 1070 2382 de
1095 2352 1153 2383 ea
1185 2338 1362 2399 scripta
1394 2347 1479 2397 est,
1505 2341 1775 2400 auctoritas,
1801 2345 1878 2391 cui

312 2414 405 2461 scis
430 2413 746 2462 intercessum
769 2430 890 2474 esse,
909 2424 961 2463 ut
985 2431 1045 2463 ne
1070 2418 1176 2479 quis
1202 2420 1404 2467 omnino
1428 2435 1593 2482 regem
1616 2423 1876 2484 reduceret,

310 2502 495 2542 tantam
530 2495 633 2559 vim-
661 2495 819 2555 habet,
844 2505 896 2544 ut
930 2498 1086 2559 magis
1121 2499 1350 2547 iratorum
1382 2501 1634 2550 hominum
1668 2507 1878 2554 studium

313 2590 460 2638 quam
487 2577 759 2624 'constantis
795 2585 989 2626 senatus
1026 2580 1278 2628 consilium
1311 2597 1415 2630 esse
1440 2584 1667 2643 videatur,
1693 2594 1740 2634 te
1773 2604 1878 2650 per-

314 2658 498 2719 spicere
557 2673 714 2720 posse,
764 2661 847 2722 qui
894 2660 1110 2709 Ciliciam
1167 2662 1478 2728 Cyprumque
1537 2676 1716 2727 teneaS,
1764 2673 1878 2733 quid

314 2735 516 2796 efficere,
559 2748 608 2788 et
654 2741 771 2805 quid
818 2745 1050 2809 consequi
1092 2747 1263 2808 possiS,
1306 2756 1367 2806 et,
1404 2748 1443 2796 si
1489 2765 1566 2799 res
1607 2750 1878 2804 facultatem
