2040 3048
280 87 348 138 24
729 81 791 121 M.
838 81 1034 120 TULLII
1070 80 1385 120 CICERONIS
1673 68 1787 136 [Pars
1814 77 1843 116 1.

277 231 379 264 rem
415 215 656 279 publicam
693 213 908 277 perdere,
945 228 1091 276 quam
1129 213 1358 261 similibus
1396 212 1496 261 eius
1534 226 1610 258 me
1648 210 1842 258 consule

277 297 486 360 patriciis
534 305 661 357 esset
708 296 897 344 licitum.
907 299 939 357 l
972 296 1092 353 Iam,
1142 310 1253 343 cum
1300 310 1351 342 se
1398 294 1474 342 ille
1521 292 1725 356 septimo
1769 292 1844 340 die

277 380 462 427 venisse
509 394 538 428 a
585 376 706 426 fret'o
748 392 906 440 neque
949 377 1037 424 sibi
1079 377 1272 425 obviam
1311 390 1605 439 quemquam
1653 374 1844 437 prodire

278 461 492 524 potuisse
517 467 564 508 et
587 467 736 507 noctu
761 475 811 507 se
847 459 1066 507 introisse
1097 459 1293 506 dixisset
1317 458 1365 505 in
1397 472 1553 520 eoque
1579 472 1630 505 se
1654 458 1704 504 in
1728 471 1844 504 con-

278 541 410 589 tione
451 541 684 599 iactasset,
729 538 846 587 nihil
894 540 937 588 ei
984 540 1096 587 novi
1144 539 1240 587 dixi
1287 539 1534 597 accidisse,
1581 554 1639 586 ex
1689 537 1847 586 Sicilia

278 620 483 683 septimo
525 617 602 667 die
641 618 881 667 Romam:
932 618 1079 666 tribus
1120 617 1251 665 horis
1293 615 1455 665 Roma
1490 616 1844 674 Interamnam;

278 711 426 750 noctu
461 702 711 750 introisse:
750 701 865 749 item
902 709 1042 760 ante;
1085 715 1187 748 non
1223 714 1329 747 esse
1365 699 1482 746 itum
1518 699 1736 746 obviam:
1785 714 1847 746 ne

278 793 380 833 tum
422 783 631 854 quidem,
654 798 778 856 Cum
815 783 869 830 iri
904 783 1114 830 maxime
1157 781 1383 829 debuerit.
1459 780 1590 840 Quid
1625 782 1847 843 quaeris?

277 866 527 914 hominem
563 850 859 930 petulantem
905 863 1180 911 modestum
1226 862 1377 910 reddo
1412 878 1513 910 non
1549 862 1706 911 solum
1741 878 1847 926 per-

278 956 423 1010 petua
447 948 676 1009 gravitate
701 946 945 1003 orationis,
982 945 1067 992 sed
1091 945 1234 992 etiam
1264 943 1360 993 hoc
1379 959 1555 1006 genere
1579 945 1847 1006 dictorum3

278 1032 437 1092 itaque
473 1030 569 1077 iam
604 1028 892 1076 familiariter
928 1041 1039 1075 cum
1075 1026 1182 1088 ipso
1219 1026 1412 1074 cavillor
1447 1042 1504 1074 ac
1529 1026 1694 1087 iocor;
1733 1028 1848 1090 quin

279 1113 436 1169 etiam,
463 1125 574 1159 cum
599 1109 909 1159 candidatum
929 1107 1290 1163 deduceremuS,
1311 1110 1497 1171 quaerit
1521 1124 1582 1156 ex
1600 1124 1694 1168 me,
1731 1124 1850 1157 num

280 1207 593 1241 consuessem
632 1190 802 1239 Siculis
837 1191 998 1238 locum
1039 1190 1381 1253 gladiatoribus
1429 1190 1575 1239 dare?
1646 1189 1847 1253 Negavi.

281 1275 374 1322 ‘At
409 1274 524 1337 ego'
561 1274 715 1337 inquit
753 1278 935 1321 ‘novus
983 1281 1214 1335 patronus
1255 1272 1527 1334 instituam3
1576 1273 1663 1321 sed
1699 1288 1848 1331 soror,

280 1369 403 1417 quae
438 1360 624 1400 tantum
671 1351 816 1399 habet
863 1350 1126 1399 consularis
1173 1350 1279 1408 loci,
1327 1365 1480 1398 unum
1527 1351 1644 1398 mihi
1692 1351 1849 1399 solum

280 1432 455 1496 pedem
482 1428 589 1479 dat.’
665 1435 676 1456 ‘
695 1429 809 1477 Noli
825 1429 837 1448 '
864 1430 1063 1491 inquam
1090 1433 1101 1454 ‘
1121 1428 1180 1475 de
1204 1443 1303 1476 uno
1333 1429 1457 1492 pede
1483 1430 1660 1477 sororis
1685 1431 1846 1492 queri;

279 1515 387 1563 licet
412 1514 556 1561 etiam
581 1512 780 1560 alterum
805 1509 975 1560 tollas.'
1038 1515 1049 1537 ‘
1068 1510 1185 1558 Non
1210 1511 1462 1559 consulare
1477 1509 1488 1530 '
1514 1512 1701 1574 inquies
1729 1513 1848 1560 ‘dic-

280 1606 381 1646 tum
399 1595 431 1644 :'
457 1595 609 1642 fateor
623 1610 635 1654 ;
663 1594 750 1642 sed
769 1608 863 1656 ego
882 1593 1010 1640 illam
1036 1592 1117 1640 odi
1141 1592 1266 1640 male
1291 1593 1624 1642 consularem:
1653 1591 1752 1659 [ea]
1780 1603 1850 1642 est

281 1678 410 1727 enim
446 1676 686 1734 seditiosa,
726 1672 825 1742 [ea]
866 1690 978 1723 cum
1001 1674 1101 1722 viro
1136 1674 1314 1722 bellum
1350 1675 1485 1737 gerit,
1510 1690 1668 1738 neque
1693 1676 1848 1723 solum

282 1773 391 1827 cum
412 1755 624 1815 Metello
645 1755 730 1834 sed
749 1755 891 1802 etiam
910 1769 1020 1802 cum
1039 1753 1205 1812 Fabio,
1226 1753 1359 1816 quod
1383 1769 1469 1802 eos
1495 1756 1528 1813 †
1553 1753 1603 1800 in
1627 1753 1720 1801 hoc
1744 1769 1849 1802 esse

281 1839 482 1887 moleste
517 1818 621 1886 fert.
609 1860 647 1908 ,s
694 1839 738 1885 6.
763 1836 912 1896 Quod
937 1836 997 1884 de
1031 1836 1213 1899 agraria
1245 1836 1351 1898 lege
1376 1836 1580 1898 quaeris,
1614 1851 1729 1884 sane
1753 1837 1849 1884 iam

281 1918 464 1965 videtur
487 1915 741 1964 refrixisse.
797 1913 946 1973 Quod
973 1929 1060 1965 me
1044 1914 1291 1997 quodam
1322 1914 1472 1962 modo
1497 1914 1628 1962 molli
1652 1915 1849 1963 brachio

283 2000 343 2048 de
367 1998 587 2061 Pompeii
611 1996 927 2045 familiaritate
951 1973 1190 2057 obiurgas,
1216 1995 1367 2043 nolim
1400 1996 1464 2043 ita
1489 1996 1745 2056 existimes,
1771 2013 1849 2044 me

282 2081 377 2128 mei
397 2079 620 2143 praesidii
646 2094 791 2127 causa
815 2093 926 2126 cum
952 2077 1031 2124 illo
1065 2078 1376 2125 coniunctum
1409 2092 1529 2135 esse,
1566 2077 1650 2126 sed
1675 2079 1740 2126 ita
1774 2094 1849 2127 res

283 2170 383 2211 erat
417 2162 645 2220 instituta,
670 2168 736 2218 ut,
766 2161 804 2208 si
830 2162 952 2218 inter
977 2173 1068 2206 nos
1106 2167 1231 2206 esset
1257 2159 1415 2221 aliqua
1440 2159 1562 2206 forte
1600 2160 1850 2220 dissensio,

285 2245 520 2291 maximas
557 2244 606 2290 in
643 2258 692 2290 re
729 2242 922 2304 publica
958 2240 1221 2288 discordias
1254 2241 1429 2288 versari
1459 2249 1585 2288 esset
1621 2257 1847 2291 necesse:

285 2326 417 2388 quod
442 2340 470 2372 a
494 2340 572 2372 me
590 2326 654 2371 ita
678 2330 992 2404 praecautum
1019 2329 1162 2384 atque
1187 2322 1251 2369 ita
1275 2322 1521 2384 provisum
1558 2331 1643 2381 est,
1670 2339 1770 2371 non
1802 2334 1851 2372 ut

285 2422 379 2470 ego
400 2405 459 2454 de
479 2407 664 2468 optima
683 2405 759 2453 illa
777 2420 887 2453 mea
912 2405 1095 2453 ratione
1116 2403 1415 2461 decederem,
1438 2403 1524 2451 sed
1548 2413 1600 2452 ut
1624 2405 1699 2452 ille
1725 2416 1852 2454 esset

285 2488 455 2536 melior
479 2496 524 2535 et
548 2487 725 2550 aliquid
751 2487 810 2534 de
834 2485 1054 2549 populari
1080 2486 1264 2533 levitate
1291 2485 1584 2548 deponeret,
1622 2502 1768 2549 quem
1793 2489 1853 2536 de

283 2570 404 2617 meis
450 2569 608 2627 rebus,
655 2569 706 2615 in
753 2583 872 2631 quas
919 2583 1028 2614 eum
1075 2566 1211 2614 multi
1247 2567 1511 2624 incitatam,
1545 2567 1696 2616 multo
1733 2569 1852 2617 scito

283 2651 539 2713 gloriosius
559 2665 704 2713 quam
726 2650 785 2697 de
811 2650 908 2698 suis
933 2648 1227 2711 praedicare;
1267 2649 1355 2695 sibi
1376 2650 1503 2695 enim
1529 2650 1652 2697 bene
1671 2658 1850 2712 gestae,

283 2732 398 2779 mihi
459 2739 767 2779 conservatae
817 2731 884 2778 rei
929 2729 1150 2793 publicae
1194 2730 1274 2777 dat
1322 2730 1663 2778 testimonium.
1738 2731 1850 2780 Hoc
