2040 3048
133 139 204 188 Ep.
229 124 312 194 η]
479 131 666 174 EPIST.
707 132 789 171 AD
825 131 1198 170 FAMILIARES
1235 133 1274 170 I.
1317 138 1364 188 9.
1643 123 1708 186 83

133 277 233 309 non
282 261 460 309 solum.
488 259 732 316 confitear,
783 258 870 306 sed
917 258 1063 306 etiam
1112 257 1366 319 gaudeam.
1444 272 1518 319 19.
1558 255 1710 315 Quod

131 343 365 405 quoniam
408 341 491 389 tibi
539 340 757 404 exposui,
802 339 957 388 facilia
1006 348 1118 387 sunt
1166 355 1237 397 ea,
1281 353 1405 402 quae
1453 354 1482 385 a
1528 353 1607 386 me
1651 338 1710 386 de

132 423 327 471 Vatinio
374 430 422 471 et
469 423 529 471 de
578 421 757 470 Crasso
805 422 1035 484 requiris;
1093 437 1208 469 nam
1255 421 1316 468 de
1364 420 1528 483 Appio
1577 419 1712 483 quod

132 506 299 553 scribis
324 505 462 553 sicuti
487 505 547 553 de
573 502 780 552 Caesare
806 512 851 550 te
877 518 979 551 non
1012 502 1377 565 reprehendere,
1403 501 1596 564 gaudeo
1628 501 1712 548 tibi

132 587 387 635 consilium
434 586 627 649 probari
669 600 848 633 meum.
920 585 997 633 De
1040 585 1238 633 Vatinio
1286 592 1461 643 autem,
1502 584 1712 646 primum

134 670 312 717 reditus
348 670 682 716 intercesserat
715 667 765 714 in
802 668 1005 728 gratiam
1036 683 1122 730 per
1146 667 1450 729 Pompeium,
1476 666 1637 714 statim
1662 674 1714 713 ut

136 752 210 799 ille
246 758 438 814 praetor
475 758 546 798 est
581 748 748 808 factus,
777 764 889 797 cum
926 749 1123 812 quidem
1159 764 1254 811 ego
1292 748 1395 796 eius
1430 748 1714 810 petitionem

132 833 424 896 gravissimis
449 832 499 878 in
534 839 704 878 senatu
739 831 986 879 sententiis
1023 845 1404 894 oppugnassem,
1430 844 1589 892 neque
1616 837 1715 876 tam

133 916 255 963 illius
304 913 525 963 laedendi
574 928 719 961 causa
778 928 925 976 quam
973 913 1264 961 defendendi
1314 921 1459 975 atque
1508 911 1712 960 ornandi

135 997 350 1046 Catonis.
422 996 540 1044 Post
563 1003 726 1043 autem
751 994 986 1053 Caesaris,
1012 1004 1066 1043 ut
1088 996 1221 1043 illum
1247 995 1572 1051 defenderem,
1598 994 1718 1041 mira

135 1079 382 1128 contentio
406 1086 480 1126 est
509 1085 784 1126 consecuta.
858 1077 957 1125 Cur
991 1086 1153 1127 autem
1185 1079 1434 1136 laudarim,
1461 1086 1575 1140 peto
1601 1092 1630 1123 a
1653 1085 1713 1135 te,

135 1171 187 1210 ut
210 1161 260 1209 id
285 1177 314 1208 a
336 1175 416 1207 me
440 1175 560 1207 neve
585 1159 635 1206 in
667 1159 762 1207 hoc
794 1174 878 1207 reo
914 1175 1035 1207 neve
1071 1162 1122 1208 in
1157 1161 1260 1209 aliis
1291 1160 1519 1223 requiras,
1545 1175 1606 1208 ne
1631 1159 1715 1207 tibi

137 1258 231 1305 ego
273 1243 401 1291 idem
443 1257 692 1304 reponam,
738 1257 850 1289 cum
888 1243 1106 1291 veneris:
1157 1244 1347 1291 tametsi
1397 1257 1599 1304 possum
1646 1241 1720 1289 vel

138 1325 350 1384 absenti;
394 1323 647 1372 recordare
684 1324 828 1382 enim,
867 1324 1042 1386 quibus
1078 1324 1408 1373 laudationem
1444 1340 1504 1371 ex
1541 1324 1720 1372 ultimis

139 1407 274 1455 terris
321 1407 519 1455 miseris.
592 1404 699 1454 Nec
737 1406 832 1454 hoc
870 1407 1172 1468 pertimueris
1192 1421 1205 1465 ;
1265 1422 1381 1454 nam
1422 1422 1451 1454 a
1491 1421 1570 1453 me
1611 1407 1719 1468 ipso

141 1489 393 1537 laudantur
424 1496 473 1538 et
512 1487 833 1536 laudabuntur
865 1488 1027 1536 iidem.
1102 1488 1199 1536 Sed
1229 1496 1392 1536 tamen
1429 1487 1722 1536 defendendi

142 1570 324 1618 Vatinii
358 1571 447 1619 fuit
487 1571 632 1619 etiam
666 1570 743 1617 ille
787 1570 1020 1628 stimulus,
1060 1570 1119 1618 de
1159 1586 1257 1633 quo
1293 1571 1343 1617 in
1378 1570 1569 1627 iudicio,
1608 1586 1719 1623 curn

143 1653 275 1702 illum
291 1653 615 1711 defenderem,
629 1652 725 1700 dixi
741 1667 821 1699 me
837 1651 993 1700 facere
1003 1651 1250 1715 quiddam,
1260 1651 1394 1714 quod
1413 1652 1462 1699 in
1478 1651 1720 1701 Eunucho

146 1739 380 1797 parasitus
405 1735 628 1784 suaderet
651 1734 817 1782 militi:

473 1860 538 1898 ubi
567 1860 784 1898 nominabit
813 1857 1050 1904 Phaedriam,
1081 1866 1123 1896 tu
1151 1858 1390 1908 Pamphilam

474 1929 669 1968 continuo.
728 1928 765 1966 Si
795 1928 948 1978 quando
976 1928 1038 1966 illa
1067 1928 1167 1966 dicet
1196 1928 1444 1967 ‘Phaedriam

474 1998 573 2035 intro
602 1998 801 2035 mittamus
828 1996 1103 2041 comissatum,’
1132 1995 1370 2046 Pamphilam

475 2072 678 2104 cantatum
709 2077 972 2114 provocemus.
1033 2064 1070 2102 Si
1098 2064 1266 2102 laudabit
1295 2064 1389 2104 haec

477 2133 576 2172 illius
607 2134 784 2179 formam,
814 2141 856 2171 tu
885 2133 997 2172 huius
1025 2141 1179 2179 contra3
1211 2135 1375 2184 denique

476 2215 543 2251 par
570 2215 640 2251 pro
667 2202 748 2251 pari
777 2202 929 2246 referto,
958 2202 1060 2251 quod
1088 2215 1173 2240 eam
1202 2203 1389 2242 mordeat.

159 2313 227 2362 sic
250 2313 393 2376 petivi
417 2327 446 2359 a
469 2312 706 2360 iudicibus
729 2320 795 2370 ut,
816 2312 1049 2374 quoniam
1074 2312 1272 2375 quidam
1297 2313 1485 2361 nobiles
1510 2313 1730 2362 homines

158 2403 205 2443 et
237 2395 298 2443 de
333 2410 412 2442 me
450 2394 631 2457 optime
666 2394 821 2442 meriti
857 2394 1001 2441 nimis
1037 2403 1253 2442 amarent
1289 2394 1536 2442 inimicum
1568 2410 1731 2443 meum

159 2492 334 2539 meque
382 2477 682 2539 inspectante
730 2491 876 2539 saepe
924 2491 1036 2523 eum
1076 2476 1126 2522 in
1168 2484 1339 2523 senatu
1376 2477 1527 2524 modo
1570 2491 1732 2525 severe

166 2559 463 2616 seducerent,
489 2559 640 2606 modo
674 2558 962 2605 familiariter
995 2566 1137 2619 atque
1162 2557 1308 2604 hilare
1333 2559 1731 2620 amplexarentur,

165 2641 490 2703 quoniamque
519 2640 582 2687 illi
613 2639 844 2687 haberent
877 2654 1018 2686 suum
1044 2639 1281 2698 Publium,
1309 2639 1476 2687 darent
1499 2641 1615 2688 mihi
1639 2642 1730 2704 ipsi

165 2723 310 2770 alium
336 2721 570 2778 Publium,
587 2721 638 2768 in
657 2735 754 2783 quo
780 2736 977 2783 possem
1003 2721 1191 2767 illorum
1217 2722 1406 2768 animos
1432 2722 1734 2771 mediocriter

162 2803 409 2852 lacessitus
434 2802 594 2851 leviter
618 2817 913 2865 repungere3
952 2817 1109 2865 neque
1141 2803 1299 2850 solum
1333 2803 1443 2861 dixi,
1471 2803 1557 2851 sed
1589 2805 1730 2851 etiarn

899 2897 931 2932 G
964 2899 988 2930 2
