2040 3048
88 111 159 162 sp.
191 98 277 167 17.]
396 109 583 150 EPIST.
623 108 704 147 AD
739 108 1110 148 FAMILIARES
1148 110 1271 149 XIV.
1314 112 1360 151 2.
1593 111 1658 164 47

87 248 214 289 certe
239 241 301 289 ad
327 241 522 289 exitium
552 241 950 303 praecipitantem
987 240 1278 297 retinuisses,
1304 240 1422 287 istos
1458 238 1662 294 labores,

87 337 211 385 quos
235 338 365 371 nunc
390 323 440 370 in
464 322 726 385 naufragiis
749 323 927 371 nostris
954 323 1174 385 suscipis,
1194 336 1295 369 non
1323 322 1553 369 subisses.
1620 324 1663 367 8.

89 402 201 461 Qua
223 420 273 452 re
298 404 373 453 fac
397 411 448 451 ut
485 405 650 452 omnia
685 404 747 451 ad
782 420 861 452 me
898 413 1155 467 perspecta
1191 412 1237 451 et
1274 402 1523 466 explorata
1558 418 1665 465 per-

88 486 282 544 scribas,
307 500 497 548 meque‚
523 494 575 533 ut
604 486 738 546 facis,
764 486 879 534 velis
917 502 1022 534 esse
1061 486 1283 549 aliquem,
1310 485 1557 548 quoniam,
1585 485 1666 547 qui

87 566 154 613 fui
190 576 236 615 et
273 567 356 630 qui
397 582 505 616 esse
546 568 695 630 potui,
740 569 837 615 iam
876 583 982 616 esse
1019 583 1120 615 non
1159 583 1375 631 possum,
1412 576 1459 615 et
1499 575 1551 614 ut
1591 566 1666 613 his

87 649 249 697 litteris
274 664 375 696 non
398 657 460 708 te,
487 650 574 699 sed
597 666 676 699 me
700 651 861 714 ipsum
886 666 914 698 a
938 666 1016 699 me
1050 666 1156 699 esse
1191 658 1474 698 accusatum
1510 657 1663 711 putes.

90 731 140 780 Si
165 731 246 794 qui
271 740 421 790 erunt,
448 732 623 796 quibus
648 741 788 795 putes
825 747 950 796 opus
987 747 1094 780 esse
1125 746 1240 779 meo
1264 731 1463 778 nomine
1488 729 1667 778 litteras

89 814 205 873 dari,
229 815 370 862 velim
395 816 673 864 conscribas
709 831 944 879 curesque
978 815 1179 863 dandas.
1250 813 1378 862 Data
1410 829 1526 862 xnn.
1553 812 1664 861 Kal.

91 895 222 958 Sep&

398 1020 473 1064 17.
546 1016 640 1065 AD
676 1017 1098 1065 FAMILIARES
1136 1016 1276 1064 XIV.
1318 1032 1359 1065 2.

173 1104 282 1153 ScR.
321 1105 725 1155 THESSALONICAE
761 1122 855 1154 Aa).
893 1122 960 1154 111.
989 1105 1117 1155 NON.
1156 1105 1275 1157 OcT.
1304 1120 1442 1154 A.u.c.
1472 1106 1585 1166 696.

90 1208 298 1242 TULLms
332 1209 366 1242 s.
395 1211 439 1243 D.
467 1210 743 1243 TERENTIAE
778 1210 842 1243 ET
878 1210 1158 1244 TULLIOLAE
1194 1210 1257 1242 ET
1293 1209 1516 1243 elcERom
1551 1208 1667 1242 sms,

164 1306 203 1337 1.
240 1289 373 1339 Nom
409 1299 577 1352 putare
611 1307 690 1338 me
725 1291 787 1339 ad
821 1306 1120 1354 quemquam
1156 1290 1403 1352 longiores
1440 1290 1668 1352 epistolas

90 1372 310 1430 scribere,
330 1373 421 1420 nisi
447 1373 486 1420 si
511 1373 620 1435 quis
645 1373 708 1421 ad
732 1389 811 1421 me
836 1373 974 1435 plura
998 1372 1202 1434 scripsit,
1223 1372 1300 1419 cui
1325 1380 1444 1434 puto
1470 1372 1667 1420 rescribi

90 1458 340 1516 oportere;
381 1470 473 1502 nec
510 1455 639 1501 enim
676 1455 834 1502 habeo
860 1455 992 1518 quod
1029 1454 1250 1511 scribam,
1288 1469 1381 1502 nec
1416 1453 1511 1501 hoc
1547 1461 1668 1500 tem-

90 1550 208 1597 pore
233 1536 495 1600 quicquam
520 1537 755 1585 difficilius
780 1536 921 1587 facio.
975 1537 1056 1584 Ad
1079 1545 1125 1584 te
1151 1551 1265 1584 vero
1291 1544 1339 1584 et
1366 1536 1428 1584 ad
1452 1543 1669 1583 nostram

92 1617 352 1665 Tulliolam
376 1633 477 1666 non
514 1633 642 1681 queo
679 1620 783 1667 sine
819 1619 1038 1681 plurimis
1063 1618 1271 1667 lacrimis
1305 1617 1513 1665 scribere
1530 1634 1544 1677 ;
1582 1632 1668 1665 vos

90 1700 220 1747 enim
244 1700 384 1748 video
410 1716 517 1749 esse
541 1701 846 1759 miserrimas,
873 1717 994 1763 quas
1027 1715 1121 1762 ego
1148 1700 1451 1747 beatissimas
1477 1715 1670 1762 semper

91 1797 197 1830 esse
243 1783 372 1831 volui
420 1783 564 1846 idque
612 1792 854 1845 praestare
907 1784 1066 1842 debui,
1117 1791 1177 1841 et,
1228 1783 1320 1830 nisi
1367 1791 1466 1830 tam
1515 1783 1670 1830 timidi

91 1864 362 1923 fuissemus,
410 1864 769 1926 praestitissem.
861 1881 905 1912 2.
945 1864 1176 1912 Pisonem
1223 1873 1443 1912 nostrum
1496 1865 1669 1912 merito

92 1947 193 1994 eius
219 1961 330 1995 amo
352 1946 612 2008 plurimum
632 1962 644 1994 ε
681 1962 808 2004 eum,
832 1955 885 1993 ut
909 1947 1060 2008 potui,
1079 1962 1165 2008 per
1190 1946 1369 1994 litteras
1394 1946 1669 1994 cohortatus

93 2043 200 2076 sum
224 2027 498 2090 gratiasque
523 2029 615 2090 egi,
641 2037 693 2076 ut
718 2029 876 2076 debui.
949 2028 1008 2075 In
1033 2028 1170 2076 novis
1201 2028 1406 2075 tribunis
1443 2027 1506 2091 pl.
1531 2028 1669 2075 intel-

92 2108 202 2170 lego
228 2123 366 2171 spem
390 2116 436 2156 te
461 2108 637 2156 habere
658 2125 668 2157 :
706 2109 756 2156 id
781 2110 869 2157 erit
904 2110 1111 2168 firmum,
1138 2111 1178 2157 si
1203 2110 1424 2172 Pompeii
1450 2110 1670 2158 voluntas

93 2190 194 2248 erit,
230 2189 316 2238 sed
358 2188 591 2238 Crassum
632 2199 797 2239 tamen
839 2198 1021 2240 metuo.
1091 2193 1138 2239 A
1179 2200 1226 2240 te
1270 2192 1468 2254 quidem
1507 2192 1673 2239 omnia

94 2271 195 2320 fieri
240 2272 502 2340 fortissime
548 2282 595 2321 et
643 2274 972 2322 amantissime
1021 2274 1178 2334 video,
1227 2291 1318 2322 nec
1375 2276 1538 2333 miror,
1588 2277 1673 2322 sed

94 2369 290 2403 maereo
331 2369 498 2402 casum
541 2355 643 2403 eius
685 2355 834 2413 modi,
872 2364 924 2403 ut
959 2356 1103 2404 tantis
1145 2356 1238 2404 tuis
1283 2357 1489 2405 miseriis
1536 2372 1674 2405 meae

95 2435 314 2484 miseriae
363 2436 702 2485 subleventur:
753 2452 870 2484 nam
918 2437 981 2484 ad
1021 2453 1101 2485 me
1150 2437 1200 2485 P.
1240 2437 1476 2497 Valerius,
1524 2438 1674 2488 homo

19 2556 23 2563 .
96 2516 356 2575 officiosuS,
391 2519 590 2581 scripsit,
626 2519 674 2567 id
709 2520 844 2582 quod
880 2535 974 2582 ego
1012 2521 1227 2567 maximo
1255 2535 1366 2567 cum
1407 2520 1521 2568 fletu
1563 2521 1675 2584 legi,

98 2614 243 2662 quem
278 2598 340 2646 ad
380 2600 583 2647 modum
621 2616 649 2649 a
671 2600 852 2649 Vestae
895 2602 958 2650 ad
1000 2603 1214 2650 tabulam
1246 2601 1492 2651 Valeriam
1531 2605 1676 2653 ducta

97 2695 242 2728 esses.
314 2679 461 2739 Hem,
498 2696 608 2729 mea
642 2682 737 2741 lux,
774 2698 940 2730 meum
990 2683 1294 2742 desiderium,
1332 2685 1461 2732 unde
1502 2701 1675 2734 omnes

97 2776 244 2826 opem
301 2772 463 2826 petere
522 2763 771 2813 solebantl
842 2773 888 2813 te
948 2780 1092 2824 nunc,
1142 2780 1252 2813 mea
1299 2766 1546 2825 Terentia,
1607 2769 1675 2817 sic
