2040 3048
298 106 397 156 144
746 99 810 138 M.
854 98 1053 138 TULLII
1090 98 1399 138 CICERONIS
1651 90 1766 158 [Pars
1792 101 1867 140 111.

291 227 515 284 relatore,
542 225 831 287 Pompeium
865 232 912 272 et
945 222 1204 271 Caesarem
1230 224 1458 286 coniungi
1489 238 1649 286 posse.
1718 223 1869 282 Quod

293 310 332 357 si
367 308 549 355 factum
580 307 678 364 erit,
704 320 784 353 me
818 306 932 353 satis
965 305 1136 353 vixisse
1170 306 1366 367 putabo,
1439 321 1482 366 3.
1520 304 1721 352 Factum
1746 303 1868 352 Cae·

293 390 412 438 saris
439 389 499 436 de
526 386 745 435 Corfinio
769 394 923 434 totum
947 394 993 434 te
1017 385 1331 449 probaturum
1357 386 1485 433 scio:
1523 400 1622 447 quo
1643 385 1795 433 modo
1819 386 1869 433 in

294 472 397 518 eius
422 468 558 517 modi
590 483 655 526 re,
682 466 989 516 commodius
1014 467 1186 515 cadere
1211 481 1312 515 non
1345 467 1499 529 potuit
1530 481 1676 528 quam
1707 474 1762 514 ut
1792 480 1869 514 res

295 553 396 600 sine
424 551 659 612 sanguine
687 549 929 598 confieret.
1002 548 1141 597 Balbi
1165 550 1260 597 mei
1292 550 1457 612 tuique
1482 549 1690 597 adventu
1713 549 1870 597 delec-

294 640 445 680 tatum
480 639 528 679 te
565 630 702 678 valde
740 630 961 693 gaudeo:
999 630 1039 678 is
1075 645 1409 694 quaecumque
1445 631 1530 679 tibi
1566 630 1626 678 de
1662 629 1869 678 Caesare

292 714 410 762 dixit
436 728 658 777 quaeque
684 711 864 760 Caesar
888 713 1090 774 scripsit,
1116 712 1231 770 scio,
1255 727 1307 760 re
1339 712 1423 759 tibi
1459 711 1697 774 probabit,
1721 725 1869 774 quae-

291 810 501 860 cumque
525 794 720 842 fortuna
742 794 844 842 eius
871 793 1025 854 fuerit,
1050 795 1295 842 verissime
1320 795 1579 857 scripsisse.

631 927 707 972 59.
779 923 874 971 AD
910 923 1236 972 ATTICUM
1271 923 1412 971 VIII.
1456 924 1532 972 16.

379 1018 488 1069 SCR.
525 1019 729 1067 FoRM11s
764 1035 809 1066 A.
826 1035 871 1067 D.
908 1034 972 1067 1v.
1010 1018 1180 1068 NONAs
1216 1018 1447 1067 MARTI'AS
1482 1034 1619 1068 A.U.c.
1660 1030 1769 1080 705.

879 1122 1051 1156 eiCERo
1086 1122 1277 1156 ΑΤΤῙοο.

364 1220 402 1252 1.
444 1203 613 1253 OMNIA
645 1201 762 1250 mihi
795 1202 989 1265 provisa
1022 1210 1134 1250 sunt
1166 1209 1353 1264 praeter
1377 1203 1620 1251 occultum
1645 1211 1692 1251 et
1715 1212 1868 1252 tutum

291 1287 377 1334 iter
402 1286 463 1333 ad
487 1300 620 1332 mare
646 1299 872 1346 superum
889 1300 900 1342 ;
938 1283 1033 1331 hoc
1057 1283 1186 1331 enim
1221 1283 1341 1330 mari
1372 1284 1440 1331 uti
1474 1299 1576 1332 non
1607 1300 1866 1347 possumus

292 1368 386 1415 hoc
420 1375 640 1428 tempore
676 1366 819 1413 anni:
874 1365 982 1412 illuc
1019 1373 1195 1422 autem,
1233 1380 1331 1428 quo
1368 1374 1552 1427 spectat
1585 1367 1774 1415 animus
1820 1375 1867 1415 et

291 1463 389 1512 quo
414 1462 491 1495 res
515 1455 670 1505 vocat,
697 1462 795 1509 qua
817 1446 1039 1495 veniam?
1077 1446 1349 1494 cedendum
1382 1447 1511 1493 enim
1541 1456 1613 1495 est
1637 1448 1863 1506 celeriter,

292 1546 352 1578 ne
378 1530 500 1577 forte
525 1544 623 1591 qua
653 1544 704 1576 re
737 1528 973 1592 impediar
1006 1535 1148 1590 atque
1174 1527 1348 1589 alliger.
1422 1527 1528 1576 Nec
1551 1543 1663 1576 vero
1686 1529 1762 1577 ille
1787 1545 1864 1578 me

294 1613 438 1670 ducit,
465 1611 548 1675 qui
570 1611 769 1669 videtur,
795 1625 941 1673 quem
966 1625 1060 1672 ego
1093 1610 1341 1658 hominem
1373 1612 1731 1657 ἀπολιτικώτατον
1762 1627 1866 1660 om-

293 1693 430 1741 nium
455 1693 551 1740 iam
583 1699 692 1740 ante
726 1706 1008 1754 cognoram,
1034 1706 1164 1739 nunc
1196 1704 1308 1738 vero
1332 1691 1477 1739 etiam
1500 1693 1867 1754 ἀστρατηγικώτα-

293 1794 380 1822 τον.
452 1772 569 1821 Non
593 1788 672 1820 me
705 1773 847 1835 igitur
871 1772 911 1820 is
936 1772 1078 1829 ducit,
1105 1771 1190 1819 sed
1225 1786 1386 1819 sermo
1410 1771 1675 1831 hominum,
1701 1774 1783 1835 qui
1806 1775 1868 1822 ad

297 1870 375 1903 me
399 1870 429 1902 a
454 1853 710 1901 Philotimo
745 1854 965 1901 scribitur
982 1870 994 1912 ς
1031 1853 1071 1900 is
1108 1852 1238 1899 enirn
1271 1867 1349 1913 me
1382 1854 1444 1900 ab
1469 1854 1780 1915 optimatibus
1805 1856 1869 1903 ait

295 1935 559 1985 conscindi.
632 1934 823 1994 Quibus
860 1934 1188 1997 optimatibus,
1226 1933 1274 1981 di
1309 1934 1450 1981 boni!
1488 1935 1570 1996 qui
1606 1949 1736 1983 nunc
1771 1951 1869 1998 quo

294 2018 448 2065 modo
472 2018 760 2064 occurrunt!
797 2030 895 2078 quo
921 2015 1071 2063 modo
1097 2023 1259 2062 autem
1292 2029 1344 2062 se
1376 2015 1622 2063 venditant
1646 2015 1868 2066 Caesari!

298 2098 569 2160 Municipia
603 2111 716 2144 vero
755 2097 915 2155 deum,
953 2112 1044 2144 nec
1079 2095 1318 2154 simulant,
1343 2102 1396 2143 ut
1431 2110 1544 2143 cum
1580 2097 1640 2143 de
1677 2096 1757 2144 illo
1793 2114 1871 2145 ae-

295 2189 437 2243 groto
473 2187 584 2226 vota
620 2178 874 2226 faciebant.
951 2194 994 2225 2.
1035 2176 1132 2225 Sed
1168 2177 1325 2238 plane,
1363 2177 1593 2239 quicquid
1634 2178 1747 2224 mali
1794 2178 1871 2227 hic

296 2260 572 2309 Pisistratus
609 2274 709 2307 non
745 2258 922 2315 fecerit,
960 2265 1059 2306 tam
1106 2267 1298 2320 gratum
1334 2266 1420 2315 est,
1457 2273 1604 2320 quam
1650 2259 1690 2306 si
1726 2259 1871 2307 alium

296 2337 453 2388 facere
480 2338 806 2402 prohibuerit3
847 2338 972 2386 hunc
999 2337 1261 2401 propitium
1290 2347 1497 2400 sperant,
1532 2338 1665 2386 illum
1697 2339 1870 2388 iratum

296 2428 480 2483 putant.
550 2419 686 2479 Quas
728 2419 828 2467 fieri
870 2433 1037 2467 censes
1079 2420 1331 2476 ἀπαντήσεις
1371 2434 1431 2466 ex
1474 2421 1691 2482 oppidis!
1747 2429 1870 2484 quo's

297 2502 534 2550 honoresl
607 2505 619 2526 ‘
638 2498 891 2549 Metuunt'
945 2500 1144 2562 inquies.
1229 2499 1403 2558 Credo,
1459 2501 1543 2548 sed
1602 2501 1870 2550 mehercule

298 2583 430 2631 illum
464 2583 649 2645 magis:
693 2582 835 2630 huius
865 2581 1094 2629 insidiosa
1125 2581 1379 2628 clementia
1407 2581 1715 2641 delectantur,
1747 2583 1871 2631 illius

298 2665 597 2728 iracundiam
633 2663 902 2711 formidant.
974 2661 1165 2709 Iudices
1200 2662 1260 2709 de
1293 2677 1468 2720 CCCLX„
1503 2664 1587 2725 qui
1613 2665 1870 2726 praecipue

298 2744 473 2794 Gnaeo
504 2753 670 2795 nostro
702 2745 1078 2802 delectabantur,
1114 2758 1174 2791 ex
1209 2744 1383 2806 quibus
1416 2744 1629 2807 quotidie
1662 2745 1870 2808 aliquem
