2040 3048
171 128 346 198 Ep.71.]
563 138 751 179 EPIST.
790 139 873 179 AD
910 139 1182 179 ATTroUM
1216 141 1270 178 x.
1312 128 1356 177 8.
1645 130 1742 195 167

163 265 283 313 inter
305 280 395 313 nos
416 263 654 314 scribendi
674 264 774 312 fieri
795 271 986 328 tempus
1007 280 1112 313 esse
1123 281 1134 324 ;
1162 264 1263 324 sed,
1284 280 1396 312 cum
1416 263 1476 312 ad
1497 279 1574 312 me
1600 279 1743 327 saepe

162 362 273 395 mea
300 346 458 394 Tullia
495 346 668 395 scribat
693 361 852 398 orans,
879 355 930 393 ut
956 347 1070 410 quid
1097 347 1144 393 in
1172 345 1414 409 Hispania
1448 352 1640 409 geratur
1665 361 1741 393 ex-

164 437 393 491 spectem,
418 436 466 475 et
500 442 692 491 semper
728 427 966 476 adscribat
1004 428 1134 476 idem
1160 428 1306 476 videri
1343 428 1426 475 tibi
1464 427 1608 491 idque
1643 428 1745 489 ipse

163 511 305 559 etiam
326 526 384 559 ex
405 510 497 558 tuis
513 509 676 558 litteris
696 509 1023 570 intellexerim,
1043 525 1144 558 non
1164 518 1283 573 puto
1302 525 1408 558 esse
1434 508 1642 557 alienum
1670 496 1746 556 me

164 592 226 641 ad
251 600 311 651 te,
332 590 448 655 quid
475 590 534 639 de
559 606 615 638 ea
640 605 690 638 re
716 591 938 650 sentiam,
962 592 1181 639 scribere.
1260 608 1298 638 2.
1330 590 1598 639 Consilium
1621 590 1747 638 istud

162 681 277 722 tunc
314 681 441 722 esset
474 672 700 736 prudens,
727 681 780 720 ut
805 672 921 719 mihi
948 673 1147 731 videtur,
1169 673 1208 721 si
1233 681 1422 721 nostras
1451 673 1662 720 rationes
1687 672 1747 720 ad

165 755 544 819 Hispaniensem
571 769 738 803 casum
765 754 1180 803 accommodaturi
1207 770 1423 803 essemus
1438 771 1451 815 ς
1489 755 1622 818 quod
1649 754 1748 801 fieri

163 838 330 901 nequit
344 853 357 897 ;
394 852 594 886 necesse
620 845 694 885 est
718 837 848 884 enim
874 846 967 896 aut,
989 837 1037 884 id
1063 837 1196 900 quod
1221 837 1433 885 maxime
1459 836 1616 895 velim,
1636 836 1747 898 pelli

162 921 306 970 istum
331 921 394 969 ab
414 919 670 983 Hispania,
691 928 770 968 aut
795 919 917 968 trahi
943 919 990 967 id
1016 920 1208 979 bellum,
1232 927 1312 968 aut
1336 920 1495 978 istum,
1522 927 1574 967 ut
1598 919 1748 967 confi-

165 1005 277 1053 dere
307 1003 504 1062 videtur,
530 1002 894 1065 apprehendere
919 1001 1200 1065 Hispanias.
1277 1002 1326 1050 Si
1361 1001 1576 1065 pelletur,
1603 1016 1748 1064 quam

163 1095 326 1149 gratus
359 1093 441 1134 aut
473 1100 621 1149 quam
647 1084 882 1132 honestus
917 1093 1019 1132 tum
1053 1085 1140 1133 erit
1173 1084 1234 1132 ad
1259 1084 1549 1147 Pompeium
1586 1092 1751 1132 noster

165 1169 414 1226 adventus,
440 1183 551 1216 curn
585 1167 745 1229 ipsum
772 1165 1036 1215 Curionem
1071 1167 1133 1215 ad
1167 1183 1279 1215 eum
1316 1167 1626 1215 transiturum
1662 1182 1749 1230 pu-

165 1251 297 1300 tem?
335 1251 375 1298 si
411 1249 610 1298 trahitur
644 1248 839 1308 bellum,
866 1249 983 1312 quid
1020 1258 1300 1313 exspectem
1337 1257 1418 1297 aut
1451 1264 1599 1311 quam
1635 1249 1750 1297 diu?

165 1332 458 1396 relinquitur,
490 1338 557 1389 ut,
596 1330 635 1378 si
671 1331 906 1378 vincimur
941 1331 992 1377 in
1029 1330 1286 1394 Hispania,
1326 1330 1664 1394 quiescamus:
1702 1331 1750 1379 id

166 1429 260 1477 ego
294 1421 464 1462 contra
495 1421 641 1475 put03
680 1412 826 1461 istum
857 1413 987 1460 enim
1012 1413 1244 1461 victorem
1280 1413 1438 1476 magis
1475 1413 1750 1481 relinquen-

166 1497 283 1545 dum
331 1504 450 1559 puto
503 1510 651 1558 quam
699 1496 878 1543 victum
931 1503 979 1543 et
1037 1496 1339 1544 dubitantem
1392 1495 1550 1558 magis
1602 1510 1749 1559 quam

166 1580 398 1627 fidentem
439 1578 537 1626 suis
578 1579 736 1625 rebus.
811 1576 940 1626 Nam
982 1578 1184 1626 caedem
1220 1577 1375 1636 video,
1414 1577 1453 1625 si
1488 1578 1666 1636 vicerit,
1704 1586 1751 1626 et

166 1662 401 1724 impeturn
437 1660 486 1707 in
522 1660 815 1722 privatorum
849 1660 1080 1722 pecunias
1117 1667 1164 1708 et
1201 1659 1421 1708 exsulum
1458 1659 1666 1708 reditum
1704 1669 1750 1707 et

166 1743 353 1792 tabulas
385 1757 536 1790 novas
570 1736 617 1790 et
649 1742 1040 1806 turpissimorum
1073 1742 1288 1790 honores
1325 1750 1373 1789 et
1407 1757 1614 1804 regnum
1649 1757 1748 1790 non

166 1825 319 1873 modo
357 1823 584 1871 Romano
623 1823 826 1882 homini,
853 1824 940 1872 sed
977 1840 1038 1871 ne
1072 1823 1248 1872 Persae
1286 1824 1484 1887 quidem
1522 1825 1750 1887 cuiquam

166 1906 423 1956 tolerabile.
501 1921 541 1967 3.
582 1905 756 1954 Tacita
790 1921 896 1954 esse
923 1906 1098 1969 poterit
1121 1907 1383 1969 indignitas
1416 1906 1615 1955 nostra?
1652 1907 1750 1970 pati

167 1996 395 2053 poterunt
430 1988 556 2036 oculi
594 2003 675 2051 me
722 2004 831 2036 cum
879 1988 1091 2037 Gabinio
1134 1990 1424 2037 sententiam
1463 1989 1655 2037 dicere?
1704 1999 1750 2038 et

168 2072 364 2137 quidem
403 2071 535 2118 illum
575 2071 736 2132 rogari
775 2071 945 2134 prius?
981 2079 1175 2134 praesto
1212 2087 1317 2120 esse
1355 2071 1578 2120 clientem
1615 2081 1748 2120 tuum

168 2153 436 2203 Clodium?
508 2153 562 2201 C,
586 2153 713 2200 Ateii
733 2140 1067 2216 Plaguleium?
1137 2154 1358 2203 ceteros?
1431 2154 1528 2202 Sed
1555 2170 1638 2202 cur
1663 2155 1750 2201 ini-

167 2238 322 2285 micos
359 2235 550 2298 colligo,
577 2236 658 2298 qui
696 2250 835 2283 meos
873 2236 1173 2284 necessarios
1212 2251 1240 2283 a
1276 2251 1355 2284 me
1394 2235 1622 2284 defensos
1660 2253 1750 2285 nec

169 2319 327 2367 videre
377 2319 427 2366 in
469 2318 600 2366 curia
643 2318 743 2366 sine
789 2318 956 2367 dolore
1002 2334 1092 2366 nec
1132 2319 1310 2366 versari
1349 2319 1471 2366 inter
1511 2334 1597 2367 eos
1647 2320 1750 2368 sine

169 2401 406 2450 dedecore
440 2400 649 2463 potero?
686 2400 817 2462 quid,
853 2401 891 2448 si
924 2416 985 2447 ne
1020 2401 1067 2447 id
1096 2400 1294 2462 quidem
1327 2408 1400 2448 est
1430 2401 1750 2463 exploratum,

171 2483 286 2540 fore,
312 2489 364 2529 ut
392 2482 508 2529 mihi
540 2482 964 2531 liceat—scribunt
997 2482 1125 2529 enim
1157 2482 1218 2530 ad
1254 2497 1332 2530 me
1363 2483 1505 2530 amici
1538 2483 1639 2532 eius
1673 2500 1751 2533 me

172 2565 233 2612 illi
271 2564 403 2611 nullo
436 2563 586 2611 modo
618 2565 730 2612 satis
757 2564 943 2622 fecisse,
971 2563 1105 2627 quod
1140 2564 1188 2611 in
1224 2572 1444 2612 senatum
1480 2580 1581 2613 non
1611 2581 1752 2614 vene-

173 2647 345 2705 rim-,
370 2654 599 2694 tamenne
626 2646 900 2695 dubitemus
930 2663 991 2694 an
1022 2647 1066 2694 ei
1100 2661 1191 2694 nos
1223 2648 1367 2695 etiam
1403 2662 1514 2696 cum
1540 2649 1754 2711 periculo

173 2729 488 2786 venditemus,
527 2728 723 2790 quicum
762 2729 1008 2777 coniuncti
1053 2744 1114 2776 ne
1154 2744 1265 2777 cum
1303 2729 1518 2792 praemio
1557 2731 1752 2794 quidem

173 2810 412 2859 voluimus
437 2811 578 2858 esse?
651 2828 694 2870 4.
734 2810 927 2859 Deinde
962 2810 1057 2859 hoc
1091 2810 1213 2870 vide,
1249 2825 1349 2858 non
1383 2825 1490 2859 esse
1525 2812 1752 2861 iudicium
