<?xml version="1.0" encoding="UTF-8"?>
<!DOCTYPE html PUBLIC "-//W3C//DTD XHTML 1.0 Transitional//EN"
    "http://www.w3.org/TR/xhtml1/DTD/xhtml1-transitional.dtd">
<html xmlns="http://www.w3.org/1999/xhtml" xml:lang="en" lang="en">
 <head>
  <title>
</title>
<meta http-equiv="Content-Type" content="text/html;charset=utf-8" />
  <meta name='ocr-system' content='tesseract 3.04.00' />
  <meta name='ocr-capabilities' content='ocr_page ocr_carea ocr_par ocr_line ocrx_word'/>
</head>
<body>
  <div class='ocr_page' id='page_1' title='image "./epistolaeselecta00ciceuoft_0069.png"; bbox 0 0 2040 3048; ppageno 0'>
   <div class='ocr_carea' id='block_1_1' title="bbox 211 493 1536 765">
    <p class='ocr_par' dir='ltr' id='par_1_1' title="bbox 211 493 1536 765">
     <span class='ocr_line' id='line_1_1' title="bbox 211 493 1536 594; baseline -0.001 -22"><span class='ocrx_word' id='word_1_1' title='bbox 211 496 320 573; x_wconf 87' lang='lat' dir='ltr'><strong>M.</strong></span> <span class='ocrx_word' id='word_1_2' title='bbox 387 494 797 574; x_wconf 78' lang='lat' dir='ltr'>TULLII</span> <span class='ocrx_word' id='word_1_3' title='bbox 882 493 1536 594; x_wconf 76' lang='lat' dir='ltr'>CICERONIS</span> 
     </span>
     <span class='ocr_line' id='line_1_2' title="bbox 330 684 1427 765; baseline 0.002 -20"><span class='ocrx_word' id='word_1_4' title='bbox 330 686 852 765; x_wconf 85' lang='lat' dir='ltr'>EPISTOLAE</span> <span class='ocrx_word' id='word_1_5' title='bbox 923 684 1427 747; x_wconf 86' lang='lat' dir='ltr'><strong>SELECTAE.</strong></span> 
     </span>
    </p>
   </div>
   <div class='ocr_carea' id='block_1_2' title="bbox 469 854 1290 1046">
    <p class='ocr_par' dir='ltr' id='par_1_2' title="bbox 469 854 1290 1046">
     <span class='ocr_line' id='line_1_3' title="bbox 713 854 1039 909; baseline 0.003 -2"><span class='ocrx_word' id='word_1_6' title='bbox 713 854 915 907; x_wconf 88' lang='lat' dir='ltr'>PARS</span> <span class='ocrx_word' id='word_1_7' title='bbox 967 856 1039 909; x_wconf 94' lang='grc' dir='ltr'><strong>ΙΙ.</strong></span> 
     </span>
     <span class='ocr_line' id='line_1_4' title="bbox 469 995 1290 1046; baseline 0 0"><span class='ocrx_word' id='word_1_8' title='bbox 469 1001 548 1046; x_wconf 88' lang='grc'><strong>20.</strong></span> <span class='ocrx_word' id='word_1_9' title='bbox 621 997 716 1045; x_wconf 86' lang='lat' dir='ltr'><strong>AD</strong></span> <span class='ocrx_word' id='word_1_10' title='bbox 754 995 1079 1045; x_wconf 87' lang='lat' dir='ltr'><strong>ATTICUM</strong></span> <span class='ocrx_word' id='word_1_11' title='bbox 1117 995 1206 1046; x_wconf 92' lang='lat' dir='ltr'><strong>IV.</strong></span> <span class='ocrx_word' id='word_1_12' title='bbox 1249 1010 1290 1046; x_wconf 89' lang='lat'><strong>1.</strong></span> 
     </span>
    </p>
   </div>
   <div class='ocr_carea' id='block_1_3' title="bbox 200 1099 1540 1246">
    <p class='ocr_par' dir='ltr' id='par_1_3' title="bbox 200 1099 1540 1246">
     <span class='ocr_line' id='line_1_5' title="bbox 200 1099 1540 1160; baseline -0.003 -10"><span class='ocrx_word' id='word_1_13' title='bbox 200 1101 305 1151; x_wconf 59' lang='lat' dir='ltr'><strong>Sera.</strong></span> <span class='ocrx_word' id='word_1_14' title='bbox 346 1101 523 1149; x_wconf 79' lang='lat' dir='ltr'>ROMAE</span> <span class='ocrx_word' id='word_1_15' title='bbox 560 1117 711 1149; x_wconf 81' lang='lat' dir='ltr'><strong>MEmo</strong></span> <span class='ocrx_word' id='word_1_16' title='bbox 747 1116 902 1148; x_wconf 85' lang='lat' dir='ltr'>MENSE</span> <span class='ocrx_word' id='word_1_17' title='bbox 941 1101 1219 1148; x_wconf 77' lang='lat' dir='ltr'>SEPTEMBRI</span> <span class='ocrx_word' id='word_1_18' title='bbox 1256 1113 1393 1148; x_wconf 78' lang='lat' dir='ltr'><strong>A.u.c.</strong></span> <span class='ocrx_word' id='word_1_19' title='bbox 1430 1099 1540 1160; x_wconf 91' lang='lat'><strong>697.</strong></span> 
     </span>
     <span class='ocr_line' id='line_1_6' title="bbox 621 1212 1141 1246; baseline 0 0"><span class='ocrx_word' id='word_1_20' title='bbox 621 1213 791 1246; x_wconf 78' lang='lat' dir='ltr'><strong>chERo</strong></span> <span class='ocrx_word' id='word_1_21' title='bbox 829 1212 1004 1246; x_wconf 81' lang='lat' dir='ltr'><strong>ATT1co</strong></span> <span class='ocrx_word' id='word_1_22' title='bbox 1040 1213 1141 1246; x_wconf 81' lang='lat' dir='ltr'><strong>SAL.</strong></span> 
     </span>
    </p>
   </div>
   <div class='ocr_carea' id='block_1_4' title="bbox 25 1298 1673 2845">
    <p class='ocr_par' dir='ltr' id='par_1_4' title="bbox 25 1298 1673 2845">
     <span class='ocr_line' id='line_1_7' title="bbox 162 1298 1669 1363; baseline -0.003 -13"><span class='ocrx_word' id='word_1_23' title='bbox 162 1319 201 1350; x_wconf 89' lang='lat'><strong>1.</strong></span> <span class='ocrx_word' id='word_1_24' title='bbox 243 1300 360 1351; x_wconf 85' lang='lat' dir='ltr'><strong>CUM</strong></span> <span class='ocrx_word' id='word_1_25' title='bbox 396 1301 604 1363; x_wconf 90' lang='lat' dir='ltr'><strong>primum</strong></span> <span class='ocrx_word' id='word_1_26' title='bbox 639 1300 852 1348; x_wconf 86' lang='lat' dir='ltr'>Romam</span> <span class='ocrx_word' id='word_1_27' title='bbox 885 1301 1006 1360; x_wconf 90' lang='lat' dir='ltr'><strong>veni,</strong></span> <span class='ocrx_word' id='word_1_28' title='bbox 1033 1300 1215 1362; x_wconf 87' lang='lat' dir='ltr'><strong>fuitque</strong></span> <span class='ocrx_word' id='word_1_29' title='bbox 1249 1299 1325 1347; x_wconf 92' lang='lat' dir='ltr'><strong>cui</strong></span> <span class='ocrx_word' id='word_1_30' title='bbox 1348 1307 1486 1347; x_wconf 69' lang='lat' dir='ltr'><strong>‘recte</strong></span> <span class='ocrx_word' id='word_1_31' title='bbox 1520 1298 1582 1346; x_wconf 88' lang='lat' dir='ltr'><strong>ad</strong></span> <span class='ocrx_word' id='word_1_32' title='bbox 1624 1306 1669 1346; x_wconf 91' lang='lat' dir='ltr'><strong>te</strong></span> 
     </span>
     <span class='ocr_line' id='line_1_8' title="bbox 87 1383 1670 1447; baseline -0.003 -14"><span class='ocrx_word' id='word_1_33' title='bbox 87 1385 260 1433; x_wconf 84' lang='lat' dir='ltr'><strong>litteras</strong></span> <span class='ocrx_word' id='word_1_34' title='bbox 286 1384 466 1442; x_wconf 88' lang='lat' dir='ltr'><strong>darem,</strong></span> <span class='ocrx_word' id='word_1_35' title='bbox 493 1383 608 1431; x_wconf 90' lang='lat' dir='ltr'><strong>nihil</strong></span> <span class='ocrx_word' id='word_1_36' title='bbox 634 1384 766 1445; x_wconf 88' lang='lat' dir='ltr'><strong>prius</strong></span> <span class='ocrx_word' id='word_1_37' title='bbox 792 1383 1069 1431; x_wconf 87' lang='lat' dir='ltr'><strong>faciendum</strong></span> <span class='ocrx_word' id='word_1_38' title='bbox 1092 1383 1210 1431; x_wconf 89' lang='lat' dir='ltr'><strong>mihi</strong></span> <span class='ocrx_word' id='word_1_39' title='bbox 1236 1383 1411 1447; x_wconf 91' lang='lat' dir='ltr'><strong>putavi,</strong></span> <span class='ocrx_word' id='word_1_40' title='bbox 1439 1397 1585 1445; x_wconf 90' lang='lat' dir='ltr'><strong>quam</strong></span> <span class='ocrx_word' id='word_1_41' title='bbox 1619 1390 1670 1429; x_wconf 90' lang='lat' dir='ltr'><strong>ut</strong></span> 
     </span>
     <span class='ocr_line' id='line_1_9' title="bbox 88 1464 1668 1527; baseline -0.003 -12"><span class='ocrx_word' id='word_1_42' title='bbox 88 1468 171 1515; x_wconf 90' lang='lat' dir='ltr'><strong>tibi</strong></span> <span class='ocrx_word' id='word_1_43' title='bbox 197 1466 383 1515; x_wconf 86' lang='lat' dir='ltr'><strong>absenti</strong></span> <span class='ocrx_word' id='word_1_44' title='bbox 410 1466 470 1514; x_wconf 92' lang='lat' dir='ltr'><strong>de</strong></span> <span class='ocrx_word' id='word_1_45' title='bbox 488 1465 643 1513; x_wconf 91' lang='lat' dir='ltr'><strong>reditu</strong></span> <span class='ocrx_word' id='word_1_46' title='bbox 668 1474 836 1513; x_wconf 89' lang='lat' dir='ltr'><strong>nostro</strong></span> <span class='ocrx_word' id='word_1_47' title='bbox 855 1465 1118 1527; x_wconf 88' lang='lat' dir='ltr'><strong>gratularer</strong></span> <span class='ocrx_word' id='word_1_48' title='bbox 1132 1481 1144 1525; x_wconf 92' lang='grc'><strong>;</strong></span> <span class='ocrx_word' id='word_1_49' title='bbox 1179 1480 1449 1527; x_wconf 88' lang='lat' dir='ltr'><strong>cognoram</strong></span> <span class='ocrx_word' id='word_1_50' title='bbox 1469 1464 1668 1512; x_wconf 89' lang='lat' dir='ltr'><strong>enim—</strong></span> 
     </span>
     <span class='ocr_line' id='line_1_10' title="bbox 92 1546 1668 1598; baseline -0.003 0"><span class='ocrx_word' id='word_1_51' title='bbox 92 1558 142 1598; x_wconf 93' lang='lat' dir='ltr'><strong>ut</strong></span> <span class='ocrx_word' id='word_1_52' title='bbox 164 1563 272 1596; x_wconf 90' lang='lat' dir='ltr'><strong>vere</strong></span> <span class='ocrx_word' id='word_1_53' title='bbox 298 1548 622 1596; x_wconf 83' lang='lat' dir='ltr'><strong>scribam—te</strong></span> <span class='ocrx_word' id='word_1_54' title='bbox 645 1548 695 1594; x_wconf 92' lang='lat' dir='ltr'><strong>in</strong></span> <span class='ocrx_word' id='word_1_55' title='bbox 721 1547 934 1596; x_wconf 91' lang='lat' dir='ltr'><strong>consiliis</strong></span> <span class='ocrx_word' id='word_1_56' title='bbox 959 1548 1076 1595; x_wconf 89' lang='lat' dir='ltr'><strong>mihi</strong></span> <span class='ocrx_word' id='word_1_57' title='bbox 1102 1547 1273 1595; x_wconf 91' lang='lat' dir='ltr'><strong>dandis</strong></span> <span class='ocrx_word' id='word_1_58' title='bbox 1298 1562 1389 1595; x_wconf 89' lang='lat' dir='ltr'><strong>nec</strong></span> <span class='ocrx_word' id='word_1_59' title='bbox 1423 1546 1668 1594; x_wconf 89' lang='lat' dir='ltr'><strong>fortiorem</strong></span> 
     </span>
     <span class='ocr_line' id='line_1_11' title="bbox 89 1630 1668 1694; baseline -0.003 -14"><span class='ocrx_word' id='word_1_60' title='bbox 89 1647 178 1680; x_wconf 86' lang='lat' dir='ltr'><strong>nec</strong></span> <span class='ocrx_word' id='word_1_61' title='bbox 218 1630 581 1694; x_wconf 87' lang='lat' dir='ltr'><strong>prudentiorem</strong></span> <span class='ocrx_word' id='word_1_62' title='bbox 621 1645 767 1693; x_wconf 92' lang='lat' dir='ltr'><strong>quam</strong></span> <span class='ocrx_word' id='word_1_63' title='bbox 807 1645 886 1677; x_wconf 91' lang='lat' dir='ltr'><strong>me</strong></span> <span class='ocrx_word' id='word_1_64' title='bbox 933 1630 1108 1693; x_wconf 91' lang='lat' dir='ltr'><strong>ipsum,</strong></span> <span class='ocrx_word' id='word_1_65' title='bbox 1147 1646 1226 1677; x_wconf 91' lang='lat' dir='ltr'><strong>me</strong></span> <span class='ocrx_word' id='word_1_66' title='bbox 1274 1631 1421 1678; x_wconf 91' lang='lat' dir='ltr'><strong>etiam</strong></span> <span class='ocrx_word' id='word_1_67' title='bbox 1468 1637 1668 1692; x_wconf 90' lang='lat' dir='ltr'><strong>propter</strong></span> 
     </span>
     <span class='ocr_line' id='line_1_12' title="bbox 87 1712 1668 1764; baseline -0.003 0"><span class='ocrx_word' id='word_1_68' title='bbox 87 1729 248 1764; x_wconf 89' lang='lat' dir='ltr'><strong>meam</strong></span> <span class='ocrx_word' id='word_1_69' title='bbox 272 1714 321 1760; x_wconf 88' lang='lat' dir='ltr'><strong>in</strong></span> <span class='ocrx_word' id='word_1_70' title='bbox 346 1720 392 1760; x_wconf 86' lang='lat' dir='ltr'><strong>te</strong></span> <span class='ocrx_word' id='word_1_71' title='bbox 417 1713 771 1760; x_wconf 84' lang='lat' dir='ltr'><strong>observantiam</strong></span> <span class='ocrx_word' id='word_1_72' title='bbox 796 1713 999 1760; x_wconf 91' lang='lat' dir='ltr'><strong>nimium</strong></span> <span class='ocrx_word' id='word_1_73' title='bbox 1025 1713 1074 1760; x_wconf 92' lang='lat' dir='ltr'><strong>in</strong></span> <span class='ocrx_word' id='word_1_74' title='bbox 1100 1712 1320 1761; x_wconf 88' lang='lat' dir='ltr'><strong>custodia</strong></span> <span class='ocrx_word' id='word_1_75' title='bbox 1345 1713 1510 1760; x_wconf 89' lang='lat' dir='ltr'><strong>salutis</strong></span> <span class='ocrx_word' id='word_1_76' title='bbox 1529 1727 1668 1760; x_wconf 87' lang='lat' dir='ltr'><strong>meae</strong></span> 
     </span>
     <span class='ocr_line' id='line_1_13' title="bbox 89 1794 1671 1860; baseline -0.004 -13"><span class='ocrx_word' id='word_1_77' title='bbox 89 1798 382 1860; x_wconf 86' lang='lat' dir='ltr'><strong>diligentem,</strong></span> <span class='ocrx_word' id='word_1_78' title='bbox 417 1794 727 1857; x_wconf 90' lang='lat' dir='ltr'><strong>eundemque</strong></span> <span class='ocrx_word' id='word_1_79' title='bbox 760 1803 821 1852; x_wconf 82' lang='lat' dir='ltr'><strong>te,</strong></span> <span class='ocrx_word' id='word_1_80' title='bbox 848 1795 929 1857; x_wconf 92' lang='lat' dir='ltr'><strong>qui</strong></span> <span class='ocrx_word' id='word_1_81' title='bbox 962 1796 1129 1857; x_wconf 90' lang='lat' dir='ltr'><strong>primis</strong></span> <span class='ocrx_word' id='word_1_82' title='bbox 1164 1796 1464 1858; x_wconf 90' lang='lat' dir='ltr'><strong>temporibus</strong></span> <span class='ocrx_word' id='word_1_83' title='bbox 1497 1794 1671 1841; x_wconf 89' lang='lat' dir='ltr'><strong>erroris</strong></span> 
     </span>
     <span class='ocr_line' id='line_1_14' title="bbox 88 1876 1672 1940; baseline -0.004 -11"><span class='ocrx_word' id='word_1_84' title='bbox 88 1879 238 1929; x_wconf 86' lang='lat' dir='ltr'><strong>nostri</strong></span> <span class='ocrx_word' id='word_1_85' title='bbox 272 1885 354 1925; x_wconf 89' lang='lat' dir='ltr'><strong>aut</strong></span> <span class='ocrx_word' id='word_1_86' title='bbox 386 1877 546 1940; x_wconf 88' lang='lat' dir='ltr'><strong>potius</strong></span> <span class='ocrx_word' id='word_1_87' title='bbox 582 1876 757 1924; x_wconf 90' lang='lat' dir='ltr'><strong>furoris</strong></span> <span class='ocrx_word' id='word_1_88' title='bbox 787 1878 1027 1940; x_wconf 88' lang='lat' dir='ltr'><strong>particeps</strong></span> <span class='ocrx_word' id='word_1_89' title='bbox 1065 1886 1111 1926; x_wconf 92' lang='lat' dir='ltr'><strong>et</strong></span> <span class='ocrx_word' id='word_1_90' title='bbox 1148 1877 1253 1927; x_wconf 86' lang='lat' dir='ltr'><strong>falsi</strong></span> <span class='ocrx_word' id='word_1_91' title='bbox 1290 1878 1476 1926; x_wconf 91' lang='lat' dir='ltr'><strong>timoris</strong></span> <span class='ocrx_word' id='word_1_92' title='bbox 1513 1876 1672 1924; x_wconf 91' lang='lat' dir='ltr'><strong>socius</strong></span> 
     </span>
     <span class='ocr_line' id='line_1_15' title="bbox 89 1958 1672 2023; baseline -0.004 -12"><span class='ocrx_word' id='word_1_93' title='bbox 89 1963 272 2019; x_wconf 90' lang='lat' dir='ltr'><strong>fuisses,</strong></span> <span class='ocrx_word' id='word_1_94' title='bbox 291 1959 597 2007; x_wconf 84' lang='lat' dir='ltr'><strong>acerbissime</strong></span> <span class='ocrx_word' id='word_1_95' title='bbox 618 1958 871 2007; x_wconf 90' lang='lat' dir='ltr'><strong>discidium</strong></span> <span class='ocrx_word' id='word_1_96' title='bbox 892 1967 1112 2008; x_wconf 89' lang='lat' dir='ltr'><strong>nostrum</strong></span> <span class='ocrx_word' id='word_1_97' title='bbox 1133 1961 1296 2008; x_wconf 90' lang='lat' dir='ltr'><strong>tulisse</strong></span> <span class='ocrx_word' id='word_1_98' title='bbox 1314 1960 1672 2023; x_wconf 90' lang='lat' dir='ltr'><strong>plurimumque</strong></span> 
     </span>
     <span class='ocr_line' id='line_1_16' title="bbox 25 2041 1672 2111; baseline -0.004 -17"><span class='ocrx_word' id='word_1_99' title='bbox 25 2107 29 2111; x_wconf 26' lang='lat'><em>·</em></span> <span class='ocrx_word' id='word_1_100' title='bbox 91 2059 284 2108; x_wconf 88' lang='lat' dir='ltr'><strong>operae,</strong></span> <span class='ocrx_word' id='word_1_101' title='bbox 306 2041 463 2100; x_wconf 90' lang='lat' dir='ltr'><strong>studii,</strong></span> <span class='ocrx_word' id='word_1_102' title='bbox 481 2041 769 2103; x_wconf 87' lang='lat' dir='ltr'><strong>diligentiae,</strong></span> <span class='ocrx_word' id='word_1_103' title='bbox 790 2041 968 2089; x_wconf 89' lang='lat' dir='ltr'><strong>laboris</strong></span> <span class='ocrx_word' id='word_1_104' title='bbox 993 2042 1055 2090; x_wconf 91' lang='lat' dir='ltr'><strong>ad</strong></span> <span class='ocrx_word' id='word_1_105' title='bbox 1080 2042 1441 2091; x_wconf 89' lang='lat' dir='ltr'><strong>conficiendum</strong></span> <span class='ocrx_word' id='word_1_106' title='bbox 1466 2041 1672 2089; x_wconf 90' lang='lat' dir='ltr'><strong>reditum</strong></span> 
     </span>
     <span class='ocr_line' id='line_1_17' title="bbox 90 2123 1672 2186; baseline -0.003 -11"><span class='ocrx_word' id='word_1_107' title='bbox 90 2140 251 2175; x_wconf 88' lang='lat' dir='ltr'><strong>meum</strong></span> <span class='ocrx_word' id='word_1_108' title='bbox 278 2124 569 2173; x_wconf 89' lang='lat' dir='ltr'><strong>contulisse:</strong></span> <span class='ocrx_word' id='word_1_109' title='bbox 600 2139 643 2172; x_wconf 91' lang='lat'><strong>2.</strong></span> <span class='ocrx_word' id='word_1_110' title='bbox 668 2124 827 2186; x_wconf 92' lang='lat' dir='ltr'><strong>itaque</strong></span> <span class='ocrx_word' id='word_1_111' title='bbox 852 2123 947 2172; x_wconf 91' lang='lat' dir='ltr'><strong>hoc</strong></span> <span class='ocrx_word' id='word_1_112' title='bbox 972 2125 1056 2172; x_wconf 92' lang='lat' dir='ltr'><strong>tibi</strong></span> <span class='ocrx_word' id='word_1_113' title='bbox 1080 2140 1189 2173; x_wconf 89' lang='lat' dir='ltr'><strong>vere</strong></span> <span class='ocrx_word' id='word_1_114' title='bbox 1216 2124 1435 2184; x_wconf 86' lang='lat' dir='ltr'><strong>adfirmo,</strong></span> <span class='ocrx_word' id='word_1_115' title='bbox 1461 2125 1512 2171; x_wconf 89' lang='lat' dir='ltr'><strong>in</strong></span> <span class='ocrx_word' id='word_1_116' title='bbox 1537 2138 1672 2171; x_wconf 86' lang='lat' dir='ltr'><strong>max-</strong></span> 
     </span>
     <span class='ocr_line' id='line_1_18' title="bbox 89 2205 1673 2268; baseline -0.002 -11"><span class='ocrx_word' id='word_1_117' title='bbox 89 2208 186 2257; x_wconf 89' lang='lat' dir='ltr'><strong>ima</strong></span> <span class='ocrx_word' id='word_1_118' title='bbox 217 2207 394 2255; x_wconf 90' lang='lat' dir='ltr'><strong>laetitia</strong></span> <span class='ocrx_word' id='word_1_119' title='bbox 427 2213 474 2253; x_wconf 90' lang='lat' dir='ltr'><strong>et</strong></span> <span class='ocrx_word' id='word_1_120' title='bbox 506 2205 870 2268; x_wconf 87' lang='lat' dir='ltr'><strong>exoptatissima</strong></span> <span class='ocrx_word' id='word_1_121' title='bbox 893 2206 1214 2268; x_wconf 86' lang='lat' dir='ltr'><strong>gratulatione</strong></span> <span class='ocrx_word' id='word_1_122' title='bbox 1240 2222 1391 2254; x_wconf 91' lang='lat' dir='ltr'><strong>unum</strong></span> <span class='ocrx_word' id='word_1_123' title='bbox 1417 2205 1479 2254; x_wconf 92' lang='lat' dir='ltr'><strong>ad</strong></span> <span class='ocrx_word' id='word_1_124' title='bbox 1505 2221 1673 2254; x_wconf 89' lang='lat' dir='ltr'><strong>cumu-</strong></span> 
     </span>
     <span class='ocr_line' id='line_1_19' title="bbox 92 2287 1672 2351; baseline -0.003 -12"><span class='ocrx_word' id='word_1_125' title='bbox 92 2289 289 2339; x_wconf 90' lang='lat' dir='ltr'><strong>landum</strong></span> <span class='ocrx_word' id='word_1_126' title='bbox 323 2287 554 2351; x_wconf 88' lang='lat' dir='ltr'><strong>gaudium</strong></span> <span class='ocrx_word' id='word_1_127' title='bbox 579 2295 900 2351; x_wconf 90' lang='lat' dir='ltr'><strong>conspectum</strong></span> <span class='ocrx_word' id='word_1_128' title='bbox 926 2297 1006 2336; x_wconf 87' lang='lat' dir='ltr'><strong>aut</strong></span> <span class='ocrx_word' id='word_1_129' title='bbox 1032 2290 1193 2351; x_wconf 89' lang='lat' dir='ltr'><strong>potius</strong></span> <span class='ocrx_word' id='word_1_130' title='bbox 1219 2289 1530 2351; x_wconf 87' lang='lat' dir='ltr'><strong>complexum</strong></span> <span class='ocrx_word' id='word_1_131' title='bbox 1555 2287 1672 2335; x_wconf 90' lang='lat' dir='ltr'><strong>mihi</strong></span> 
     </span>
     <span class='ocr_line' id='line_1_20' title="bbox 92 2369 1671 2434; baseline -0.001 -15"><span class='ocrx_word' id='word_1_132' title='bbox 92 2380 226 2419; x_wconf 86' lang='lat' dir='ltr'><strong>tuum</strong></span> <span class='ocrx_word' id='word_1_133' title='bbox 261 2369 500 2430; x_wconf 80' lang='lat' dir='ltr'><strong>defuisse3</strong></span> <span class='ocrx_word' id='word_1_134' title='bbox 539 2385 685 2432; x_wconf 87' lang='lat' dir='ltr'><strong>quem</strong></span> <span class='ocrx_word' id='word_1_135' title='bbox 719 2371 869 2418; x_wconf 84' lang='lat' dir='ltr'><strong>semel</strong></span> <span class='ocrx_word' id='word_1_136' title='bbox 901 2379 1072 2419; x_wconf 88' lang='lat' dir='ltr'><strong>nactus</strong></span> <span class='ocrx_word' id='word_1_137' title='bbox 1107 2371 1143 2419; x_wconf 91' lang='lat' dir='ltr'><strong>si</strong></span> <span class='ocrx_word' id='word_1_138' title='bbox 1168 2385 1403 2434; x_wconf 89' lang='lat' dir='ltr'><strong>umquam</strong></span> <span class='ocrx_word' id='word_1_139' title='bbox 1429 2370 1671 2428; x_wconf 90' lang='lat' dir='ltr'><strong>dimisero,</strong></span> 
     </span>
     <span class='ocr_line' id='line_1_21' title="bbox 94 2452 1672 2516; baseline -0.001 -14"><span class='ocrx_word' id='word_1_140' title='bbox 94 2469 150 2502; x_wconf 90' lang='lat' dir='ltr'><strong>ac</strong></span> <span class='ocrx_word' id='word_1_141' title='bbox 182 2453 273 2500; x_wconf 89' lang='lat' dir='ltr'><strong>nisi</strong></span> <span class='ocrx_word' id='word_1_142' title='bbox 308 2453 452 2500; x_wconf 90' lang='lat' dir='ltr'><strong>etiam</strong></span> <span class='ocrx_word' id='word_1_143' title='bbox 488 2453 855 2516; x_wconf 89' lang='lat' dir='ltr'><strong>praetermissos</strong></span> <span class='ocrx_word' id='word_1_144' title='bbox 892 2452 1073 2502; x_wconf 86' lang='lat' dir='ltr'><strong>fructus</strong></span> <span class='ocrx_word' id='word_1_145' title='bbox 1107 2462 1218 2502; x_wconf 90' lang='lat' dir='ltr'><strong>tuae</strong></span> <span class='ocrx_word' id='word_1_146' title='bbox 1255 2453 1499 2502; x_wconf 90' lang='lat' dir='ltr'><strong>suavitatis</strong></span> <span class='ocrx_word' id='word_1_147' title='bbox 1535 2468 1672 2516; x_wconf 80' lang='lat' dir='ltr'><strong>prae-</strong></span> 
     </span>
     <span class='ocr_line' id='line_1_22' title="bbox 95 2535 1672 2599; baseline 0 -15"><span class='ocrx_word' id='word_1_148' title='bbox 95 2536 217 2584; x_wconf 90' lang='lat' dir='ltr'><strong>teriti</strong></span> <span class='ocrx_word' id='word_1_149' title='bbox 253 2535 483 2598; x_wconf 88' lang='lat' dir='ltr'><strong>temporis</strong></span> <span class='ocrx_word' id='word_1_150' title='bbox 521 2550 695 2584; x_wconf 88' lang='lat' dir='ltr'><strong>ornnes</strong></span> <span class='ocrx_word' id='word_1_151' title='bbox 732 2551 956 2599; x_wconf 87' lang='lat' dir='ltr'><strong>exegero,</strong></span> <span class='ocrx_word' id='word_1_152' title='bbox 989 2536 1207 2599; x_wconf 91' lang='lat' dir='ltr'><strong>profecto</strong></span> <span class='ocrx_word' id='word_1_153' title='bbox 1244 2535 1336 2583; x_wconf 92' lang='lat' dir='ltr'><strong>hac</strong></span> <span class='ocrx_word' id='word_1_154' title='bbox 1372 2536 1672 2584; x_wconf 87' lang='lat' dir='ltr'><strong>restitutione</strong></span> 
     </span>
     <span class='ocr_line' id='line_1_23' title="bbox 96 2617 1672 2680; baseline -0.001 -14"><span class='ocrx_word' id='word_1_155' title='bbox 96 2617 314 2666; x_wconf 88' lang='lat' dir='ltr'><strong>fortunae</strong></span> <span class='ocrx_word' id='word_1_156' title='bbox 356 2633 435 2665; x_wconf 90' lang='lat' dir='ltr'><strong>me</strong></span> <span class='ocrx_word' id='word_1_157' title='bbox 478 2618 581 2680; x_wconf 91' lang='lat' dir='ltr'><strong>ipse</strong></span> <span class='ocrx_word' id='word_1_158' title='bbox 624 2633 725 2666; x_wconf 91' lang='lat' dir='ltr'><strong>non</strong></span> <span class='ocrx_word' id='word_1_159' title='bbox 767 2619 884 2666; x_wconf 86' lang='lat' dir='ltr'><strong>satis</strong></span> <span class='ocrx_word' id='word_1_160' title='bbox 922 2618 1123 2680; x_wconf 89' lang='lat' dir='ltr'><strong>dignum</strong></span> <span class='ocrx_word' id='word_1_161' title='bbox 1165 2617 1404 2666; x_wconf 90' lang='lat' dir='ltr'><strong>iudicabo.</strong></span> <span class='ocrx_word' id='word_1_162' title='bbox 1484 2635 1524 2680; x_wconf 84' lang='lat'><strong>3.</strong></span> <span class='ocrx_word' id='word_1_163' title='bbox 1566 2617 1672 2667; x_wconf 91' lang='lat' dir='ltr'><strong>Nos</strong></span> 
     </span>
     <span class='ocr_line' id='line_1_24' title="bbox 98 2697 1673 2762; baseline -0.001 -14"><span class='ocrx_word' id='word_1_164' title='bbox 98 2697 254 2748; x_wconf 90' lang='lat' dir='ltr'><strong>adhuc</strong></span> <span class='ocrx_word' id='word_1_165' title='bbox 287 2699 338 2746; x_wconf 90' lang='lat' dir='ltr'><strong>in</strong></span> <span class='ocrx_word' id='word_1_166' title='bbox 371 2707 536 2748; x_wconf 90' lang='lat' dir='ltr'><strong>nostro</strong></span> <span class='ocrx_word' id='word_1_167' title='bbox 570 2700 876 2762; x_wconf 27' lang='lat' dir='ltr'><strong>statu,vquod</strong></span> <span class='ocrx_word' id='word_1_168' title='bbox 908 2699 1182 2748; x_wconf 90' lang='lat' dir='ltr'><strong>difficillime</strong></span> <span class='ocrx_word' id='word_1_169' title='bbox 1219 2700 1490 2762; x_wconf 87' lang='lat' dir='ltr'><strong>recuperari</strong></span> <span class='ocrx_word' id='word_1_170' title='bbox 1527 2715 1673 2762; x_wconf 90' lang='lat' dir='ltr'><strong>posse</strong></span> 
     </span>
     <span class='ocr_line' id='line_1_25' title="bbox 96 2782 1670 2845; baseline 0 -17"><span class='ocrx_word' id='word_1_171' title='bbox 96 2782 303 2829; x_wconf 91' lang='lat' dir='ltr'><strong>arbitrati</strong></span> <span class='ocrx_word' id='word_1_172' title='bbox 332 2797 511 2841; x_wconf 87' lang='lat' dir='ltr'><strong>sumus,</strong></span> <span class='ocrx_word' id='word_1_173' title='bbox 539 2782 846 2845; x_wconf 82' lang='lat' dir='ltr'><strong>splendorem</strong></span> <span class='ocrx_word' id='word_1_174' title='bbox 872 2790 1092 2831; x_wconf 90' lang='lat' dir='ltr'><strong>nostrum</strong></span> <span class='ocrx_word' id='word_1_175' title='bbox 1117 2782 1248 2830; x_wconf 90' lang='lat' dir='ltr'><strong>illurn</strong></span> <span class='ocrx_word' id='word_1_176' title='bbox 1275 2782 1519 2831; x_wconf 89' lang='lat' dir='ltr'><strong>forensem</strong></span> <span class='ocrx_word' id='word_1_177' title='bbox 1545 2790 1592 2830; x_wconf 90' lang='lat' dir='ltr'><strong>et</strong></span> <span class='ocrx_word' id='word_1_178' title='bbox 1624 2782 1670 2828; x_wconf 91' lang='lat' dir='ltr'><strong>in</strong></span> 
     </span>
    </p>
   </div>
  </div>
 </body>
</html>
