2040 3048
178 138 362 207 Ep.92.]
505 147 693 189 EPIST.
732 147 813 187 AD
849 145 1220 188 FAMILIARES
1262 147 1339 187 VJ.
1382 148 1430 203 7.
1651 146 1748 188 201

177 276 456 338 parcissime
492 276 665 325 facere.
739 274 836 322 Sed
869 283 1033 323 tamen
1065 290 1160 338 ego
1186 273 1382 337 quidem
1417 287 1495 320 me
1522 271 1754 330 sustinui3

178 358 328 406 multa
369 358 534 416 minui,
571 357 720 405 multa
757 357 940 415 sustuli,
978 357 1230 419 complura
1266 371 1326 403 ne
1364 355 1507 418 posui
1544 353 1755 416 quidem.

180 439 342 498 Quem
380 440 442 488 ad
475 440 678 488 modurn
711 439 867 502 igitur,
894 439 1131 487 scalarum
1165 438 1344 500 gradus
1379 438 1418 486 si
1452 437 1570 485 alios
1603 435 1758 493 tollas,

180 521 299 570 alios
324 522 523 581 incidas,
550 537 651 570 non
675 521 833 569 nullos
863 521 989 568 male
1022 520 1276 568 haerentes
1308 520 1566 582 relinquas,
1590 518 1758 566 ruinae

181 604 447 666 periculum
472 612 639 662 struas,
666 618 768 651 non
803 617 1060 652 ascensum
1093 618 1247 665 pares,
1279 603 1348 650 sic
1381 609 1453 650 tot
1475 599 1623 649 'malis
1657 609 1759 648 tum

180 686 394 734 vinctum
441 693 543 734 tum
593 686 797 734 fractum
845 686 1056 734 studium
1104 684 1344 732 scribendi
1387 684 1506 747 quid
1555 683 1759 745 dignum

181 769 375 817 auribus
412 775 492 816 aut
527 767 778 831 probabile
815 775 976 830 potest
1012 766 1231 815 adferre?
1306 782 1351 825 4.
1390 766 1518 814 Cum
1548 780 1662 813 vero
1698 764 1761 812 ad

180 850 330 912 ipsius
368 849 589 898 Caesaris
630 864 814 898 nornen
856 850 981 908 veni,
1015 856 1119 898 toto
1161 864 1364 912 corpore
1408 857 1759 905 contremesoe,

182 947 284 980 non
309 947 499 994 poenae
523 940 669 991 metu,
696 933 782 982 sed
806 933 930 982 illius
954 932 1143 981 iudicii:
1169 940 1325 981 totum
1349 933 1480 981 enim
1500 931 1761 980 Caesarem

183 1030 284 1062 non
309 1014 435 1063 novi.
497 1014 660 1074 Quem
684 1023 825 1078 putas
850 1016 1068 1064 animum
1093 1031 1213 1075 esse,
1229 1016 1312 1063 ubi
1338 1030 1505 1063 secum
1528 1013 1763 1076 loquitur?

185 1096 299 1144 ‘hoc
335 1097 587 1159 probabit:
624 1097 718 1146 hoc
755 1099 956 1146 verbum
1001 1098 1313 1161 suspitiosum
1355 1095 1456 1145 est!
1518 1094 1695 1155 ‘Quid,
1722 1095 1762 1144 si

183 1178 278 1227 hoc
325 1180 493 1227 muto?
541 1188 589 1227 at
627 1195 808 1238 vereor,
845 1196 906 1228 ne
945 1181 1086 1243 peius
1131 1180 1219 1228 sit.'
1283 1180 1412 1241 ‘Age
1455 1193 1583 1237 vero,
1616 1177 1763 1226 laudo

185 1261 420 1323 aliquem:
448 1277 566 1310 num
591 1262 824 1312 offendo?
850 1278 962 1311 cum
987 1278 1134 1325 porro
1159 1262 1421 1320 offendam,
1442 1262 1572 1325 quid,
1598 1262 1638 1309 si
1663 1276 1764 1308 non

183 1343 337 1390 volt?’
400 1343 611 1391 ‘Armati
642 1345 805 1393 stilum
842 1346 1170 1409 persequitur:
1206 1345 1315 1393 victi
1353 1351 1400 1392 et
1432 1344 1655 1392 nondum
1691 1359 1764 1391 re-

186 1424 332 1472 stituti
358 1425 474 1487 quid
498 1424 695 1474 faciet?'
755 1427 923 1490 Auges
949 1427 1094 1474 etiam
1120 1435 1170 1474 tu
1194 1426 1312 1473 mihi
1337 1426 1577 1483 timorem,
1604 1425 1686 1487 qui
1711 1425 1762 1471 in

186 1504 393 1555 Oratore
428 1514 514 1555 tuo
551 1523 691 1556 caves
727 1508 812 1556 tibi
847 1524 933 1572 per
969 1508 1171 1557 Brutum
1213 1517 1261 1556 et
1297 1508 1359 1557 ad
1398 1507 1766 1556 excusationem

186 1588 373 1636 socium
399 1589 617 1651 quaeris:
650 1590 733 1638 ubi
756 1590 851 1639 hoc
876 1592 1099 1639 omnium
1123 1599 1358 1654 patronus
1383 1590 1509 1650 facit,
1530 1590 1648 1653 quid
1671 1606 1766 1649 me,

186 1679 395 1719 veterem
422 1678 571 1731 tuum,
597 1687 728 1720 nunc
753 1674 974 1721 omnium
1001 1673 1226 1722 clientem
1251 1675 1428 1723 sentire
1453 1674 1679 1736 oportet?
1716 1673 1766 1719 in

186 1752 276 1800 hac
303 1752 444 1815 igitur
468 1754 707 1802 calumnia
731 1755 916 1804 timoris
941 1763 989 1804 et
1013 1770 1186 1804 caecae
1206 1755 1487 1818 suspitionis
1505 1762 1766 1812 tormento,

187 1850 298 1883 cum
323 1835 527 1897 plurima
551 1836 613 1884 ad
646 1836 787 1885 alieni
821 1852 990 1886 sensus
1022 1839 1364 1896 coniecturam,
1392 1852 1494 1885 non
1527 1836 1590 1885 ad
1624 1851 1766 1884 suum

187 1917 417 1965 iudicium
454 1918 737 1977 scribantur,
772 1934 921 1982 quam
957 1919 1144 1967 difficile
1182 1921 1243 1967 sit
1279 1918 1496 1978 evadere,
1531 1919 1570 1967 si
1606 1919 1766 1967 minus

189 2006 414 2062 expertus
439 2014 506 2059 eS‚
532 2001 666 2062 quod
697 2008 744 2049 te
777 2001 840 2050 ad
873 2002 1038 2049 omnia
1071 2017 1317 2050 summum
1350 2009 1494 2063 atque
1528 2001 1768 2050 excellens

189 2081 439 2144 ingenium
481 2083 694 2141 armavit,
731 2098 822 2131 nos
865 2084 1112 2132 sentimus.
1186 2082 1284 2131 Sed
1325 2091 1489 2130 tamen
1532 2098 1625 2146 ego
1669 2082 1768 2131 filio

191 2164 420 2221 dixeram,
445 2162 619 2211 librum
644 2165 728 2212 tibi
753 2165 935 2227 legeret
959 2174 1006 2213 et
1031 2164 1249 2223 auferret,
1275 2173 1357 2213 aut
1390 2180 1447 2214 ea
1480 2164 1771 2213 condicione

192 2247 338 2304 daret,
365 2246 405 2294 si
436 2247 675 2309 reciperes
708 2255 754 2296 te
779 2255 1119 2306 correcturum,
1145 2247 1241 2297 hoc
1266 2256 1352 2305 est,
1379 2249 1419 2296 si
1443 2255 1600 2295 toturn
1625 2247 1772 2294 aliurn

193 2329 387 2378 facereS.
467 2339 513 2388 5.
549 2329 625 2377 De
667 2330 882 2379 Asiatico
925 2331 1104 2389 itinere,
1132 2346 1431 2394 quamquam
1473 2345 1665 2378 summa
1706 2345 1774 2376 me

193 2411 451 2458 necessitas
485 2413 750 2474 premebat,
777 2421 828 2460 ut
862 2412 1120 2475 imperasti,
1145 2410 1251 2459 feci.
1324 2411 1400 2459 Te
1430 2426 1521 2475 pro
1550 2427 1629 2459 me
1655 2410 1773 2473 quid

193 2493 386 2541 horter?
423 2493 555 2541 vides
592 2503 782 2556 tempus
819 2495 1022 2552 venisse,
1056 2509 1155 2557 quo
1193 2509 1394 2542 necesse
1433 2494 1491 2542 sit
1527 2494 1586 2542 de
1630 2494 1772 2541 nobis

196 2576 427 2624 constitui.
501 2575 632 2624 Nihil
668 2584 753 2635 est,
787 2578 854 2624 mi
892 2576 1078 2635 Cicero,
1113 2576 1247 2639 quod
1290 2577 1438 2624 filium
1479 2592 1645 2625 meum
1688 2592 1771 2624 ex-

197 2666 416 2720 spectes:
455 2658 735 2717 adulescens
772 2667 869 2719 est3
909 2660 1075 2709 omnia
1108 2659 1384 2721 excogitare
1409 2658 1483 2707 vel
1514 2659 1673 2708 studio
1698 2658 1771 2706 vel

197 2747 350 2787 aetate
387 2739 460 2801 vel
495 2748 627 2788 metu
668 2756 767 2788 non
804 2748 976 2804 potest.
1045 2741 1230 2789 Totum
1268 2741 1520 2803 negotium
1568 2749 1618 2789 tu
1667 2757 1770 2789 sus·-

195 2822 347 2870 tineas
372 2830 589 2884 oportet3
628 2821 678 2869 in
714 2831 758 2870 te
795 2822 911 2870 mihi
947 2822 1108 2872 omnis
1141 2837 1252 2886 spes
1286 2831 1373 2872 est.
1446 2822 1526 2871 Tu
1559 2837 1649 2886 pro
1691 2832 1771 2873 tua
