2040 3048
297 128 326 165 2
338 129 401 177 14
762 125 826 165 M.
865 126 1063 164 TULLII
1098 127 1269 166 crcER
1277 127 1415 167 oms
1669 120 1776 188 [Pars
1795 133 1864 173 ιν.

295 256 377 296 aut
406 250 603 297 victoria
638 250 861 300 detractis
897 252 1060 300 civitas
1097 252 1408 315 respiraverit,
1436 262 1482 302 et
1518 254 1749 317 dignitate
1785 265 1868 304 tua

295 329 384 376 frui
406 331 491 377 tibi
523 339 569 378 et
604 331 804 379 fortunis
836 332 994 380 licebit
1016 350 1031 392 3
1068 333 1142 380 sin
1171 334 1373 382 omnino
1409 334 1671 384 interierint
1703 339 1868 385 omnia

294 410 527 473 fueritque
552 413 591 460 is
615 414 783 472 exitus,
810 429 956 477 quem
981 415 1049 462 vir
1071 415 1485 478 prudentissimus,
1507 417 1576 466 M.
1603 419 1866 478 Antonius,

294 494 391 540 iam
425 501 527 541 tum
563 495 775 554 timebat,
800 512 913 544 cum
947 505 1135 545 tantum
1168 499 1347 547 instare
1384 499 1621 548 malorum
1657 502 1867 564 suspica·

294 575 445 634 batur,
480 576 657 626 misera
697 586 771 626 est
809 579 889 626 illa
926 579 1123 642 quidem
1159 580 1443 639 consolati0‚
1469 581 1550 629 tali
1585 584 1867 644 praesertim

295 657 384 704 civi
419 665 467 704 et
501 659 616 715 viro,
654 660 741 707 sed
782 669 945 709 tamen
986 663 1268 719 necessaria,
1310 662 1425 710 nihil
1464 678 1570 711 esse
1610 665 1869 727 praecipue

295 740 519 802 cuiquam
565 741 828 789 dolendum
875 744 925 790 in
972 759 1048 801 eo,
1085 743 1219 807 quod
1266 744 1452 792 accidat
1499 746 1746 794 universis.
1819 763 1865 807 3.

295 819 435 879 Quae
459 822 529 868 vis
564 822 675 870 insit
706 824 754 870 in
787 824 860 872 his
894 825 1059 886 paucis
1088 825 1452 887 verbis—plura
1485 826 1615 873 enim
1649 828 1869 875 commit-

294 903 440 950 tenda
484 904 715 966 epistolae
763 920 863 952 non
911 914 1129 964 erant—,
1177 906 1216 953 si
1274 906 1506 965 attendes,
1555 908 1689 971 quod
1735 909 1868 969 facis,

293 985 512 1048 profecto
560 987 705 1034 etiam
753 988 854 1036 sine
902 988 1021 1036 meis
1068 988 1232 1036 litteris
1284 989 1532 1052 intelleges
1588 998 1635 1039 te
1691 992 1871 1055 aliquid

293 1067 485 1127 habere,
510 1068 642 1131 quod
684 1084 863 1132 speres,
890 1070 1018 1128 nihil,
1044 1070 1177 1133 quod
1217 1079 1298 1118 aut
1336 1070 1432 1119 hoc
1474 1080 1556 1120 aut
1598 1072 1761 1137 aliquo
1803 1076 1869 1124 rei

293 1149 512 1212 publicae
537 1158 662 1198 statu
684 1151 854 1199 timeas
870 1169 882 1211 ;
920 1152 1085 1200 omnia
1118 1152 1156 1199 si
1191 1152 1468 1212 interierint,
1495 1169 1607 1201 cum
1644 1159 1870 1218 supersti-

294 1240 391 1279 tem
423 1240 470 1279 te
506 1247 613 1280 esse
647 1233 715 1279 rei
744 1233 963 1296 publicae
999 1249 1060 1281 ne
1097 1233 1137 1281 si
1171 1233 1310 1282 liceat
1335 1235 1533 1297 quidem
1558 1236 1687 1296 velis,
1716 1238 1870 1286 feren-

294 1314 408 1361 dam
444 1329 550 1363 esse
575 1314 831 1373 fortunam,
857 1316 1138 1377 praesertim
1163 1330 1291 1378 quae
1329 1316 1451 1364 absit
1484 1332 1513 1364 a
1548 1318 1700 1381 culpa.
1774 1320 1872 1370 Sed

295 1395 415 1444 haec
438 1396 686 1444 hactenus.
758 1397 839 1444 Tu
863 1397 1004 1444 velim
1031 1397 1210 1445 scribas
1237 1397 1299 1444 ad
1322 1412 1415 1457 me,
1437 1399 1553 1461 quid
1577 1415 1694 1462 agas
1719 1410 1765 1450 et
1789 1403 1871 1450 ubi

295 1478 479 1526 futurus
527 1478 605 1536 sis,
643 1486 695 1525 ut
736 1486 817 1526 aut
859 1493 957 1541 quo
1007 1480 1214 1527 scribam
1257 1487 1338 1527 aut
1381 1495 1478 1542 quo
1521 1483 1710 1530 veniam
1750 1483 1871 1531 scire

297 1574 494 1622 possm.

593 1693 701 1738 101.
773 1690 867 1737 AD
903 1690 1327 1764 FAMILIARES
1365 1693 1452 1741 IV.
1495 1710 1567 1741 12.

500 1787 609 1836 ScR.
646 1788 867 1836 ATHEms
902 1803 974 1836 PR.
1012 1788 1139 1836 ΚΑΙ..
1178 1788 1350 1838 IUN1AS
1389 1806 1528 1839 A.U.c.
1569 1802 1679 1853 709.

697 1892 893 1925 SERvms
928 1892 1150 1926 cmERom
1184 1893 1286 1926 SAL.
1325 1894 1466 1927 PLUR.

370 1990 407 2022 1.
443 1973 562 2021 ETs1
609 1973 709 2020 scio
757 1988 858 2020 non
898 1973 1299 2022 iucundissimum
1349 1991 1428 2023 me
1476 1977 1699 2024 nuntium
1735 1977 1873 2026 vobis

294 2055 577 2112 adlaturum,
598 2062 762 2101 tamen
787 2056 1018 2116 quoniam
1043 2070 1184 2103 casus
1210 2064 1257 2103 et
1281 2064 1450 2104 natura
1473 2058 1522 2104 in
1547 2058 1690 2106 nobis
1715 2059 1870 2106 domi-

294 2145 448 2196 natur,
473 2136 628 2184 visum
661 2144 733 2183 est
760 2131 1097 2202 [faciendum]‚
1124 2152 1322 2200 quoquo
1356 2140 1508 2187 modo
1540 2155 1617 2187 res
1649 2155 1701 2188 se
1725 2140 1871 2189 habe-

296 2228 380 2278 ret,
423 2233 511 2267 vos
560 2218 786 2266 certiores
835 2218 1005 2267 facere.
1077 2219 1138 2267 A.
1181 2220 1224 2267 d.
1270 2236 1316 2268 x.
1361 2220 1469 2269 Kal.
1508 2222 1614 2270 Iun.
1652 2238 1762 2271 curn
1810 2226 1872 2272 ab

294 2301 543 2364 Epidauro
561 2299 783 2347 Piraeum
808 2300 917 2347 navi
942 2300 1168 2349 advectus
1193 2317 1364 2360 essem,
1390 2303 1455 2350 ibi
1472 2302 1551 2352 M.
1572 2304 1870 2365 Marcellum,

296 2384 534 2445 collegam
559 2390 791 2440 nostrum,
815 2382 1020 2430 conveni
1040 2398 1247 2445 eumque
1273 2384 1402 2431 diem
1420 2384 1484 2431 ibi
1503 2388 1799 2449 consumpsi,
1820 2396 1871 2435 ut

296 2481 407 2514 curn
432 2480 491 2512 eo
517 2479 690 2513 essem.
763 2463 966 2512 Postero
1000 2464 1077 2512 die
1110 2480 1223 2512 cum
1248 2466 1309 2513 ab
1343 2480 1403 2513 eo
1438 2466 1680 2529 digressus
1712 2483 1868 2516 essem

295 2563 356 2596 eo
389 2546 606 2605 consilio,
631 2554 684 2594 ut
717 2547 778 2594 ab
803 2545 1006 2594 Athenis
1039 2547 1089 2593 in
1114 2545 1369 2594 Boeotiam
1393 2547 1512 2594 irem
1543 2549 1871 2613 reliquamque

296 2628 673 2676 iurisdictionem
706 2627 1018 2686 absolverem,
1043 2628 1133 2686 ille,
1159 2636 1212 2675 ut
1245 2629 1414 2688 aiebat,
1442 2645 1587 2692 supra
1611 2630 1796 2680 Maleas
1820 2633 1870 2680 in

297 2709 483 2758 Italiam
525 2724 689 2756 versus
730 2710 1037 2771 navigaturus
1078 2718 1192 2757 erat.
1271 2726 1311 2758 2.
1349 2710 1467 2759 Post
1509 2711 1638 2760 diem
1677 2714 1868 2761 tertium

297 2794 399 2841 eius
435 2790 540 2850 diei,
577 2805 689 2839 cum
724 2791 786 2838 ab
822 2791 1025 2840 Athenis
1061 2792 1298 2854 proficisci
1338 2793 1388 2840 in
1425 2793 1589 2842 animo
1624 2793 1866 2854 haberem,
