2040 3048
172 149 241 203 Ep.
269 134 358 209 91.]
506 146 690 189 EPIST.
729 145 810 188 AD
846 146 1216 188 FAMILIARES
1259 146 1333 189 VJ.
1373 137 1423 190 6.
1650 148 1745 206 197

172 275 346 339 quibus
382 275 458 324 ille
495 275 534 323 si
569 275 817 339 paruisset,
844 284 971 324 esset
1005 275 1083 324 hic
1119 276 1317 339 quidem
1353 274 1509 324 clarus
1544 274 1595 322 in
1636 282 1750 336 toga

171 366 219 406 et
254 359 493 422 princeps,
531 357 617 407 sed
653 365 808 406 tantas
845 373 977 420 opes,
1017 366 1222 420 quantas
1270 373 1400 406 nunc
1446 357 1606 415 habet,
1649 371 1751 403 non

169 441 391 489 haberet:
429 440 644 488 eundum
676 440 727 487 in
761 439 1053 503 Hispaniam
1078 442 1244 489 censui
1262 457 1275 501 ;
1313 440 1448 503 quod
1478 440 1517 488 si
1543 439 1748 496 fecisset,

169 523 302 571 civile
343 522 521 570 bellum
559 522 744 570 nullum
785 515 988 571 omnino
1029 523 1210 572 fuisset.
1284 523 1546 572 Rationem
1586 522 1749 570 haberi

172 605 383 653 absentis
419 620 521 653 non
556 612 655 653 tam
690 605 903 667 pugnavi
938 614 990 653 ut
1026 606 1201 664 liceret,
1237 620 1383 669 quam
1419 613 1484 663 ut,
1519 604 1751 667 quoniam

171 687 279 750 ipso
305 686 502 735 consule
526 694 775 749 pugnante
801 687 1011 749 populus
1036 688 1251 746 iusserat,
1269 687 1535 735 haberetur.
1591 686 1752 734 Causa

169 778 276 819 orta
311 770 422 819 belli
458 778 558 818 est:
602 770 719 832 quid
755 785 849 832 ego
885 771 1183 832 praetermisi
1220 778 1302 818 aut
1336 770 1632 818 monitorum
1671 777 1752 816 aut

170 852 500 917 querelarum!
539 867 650 901 curn
669 852 744 901 vel
767 852 1117 915 iniquissimam
1141 868 1313 916 pacem
1339 852 1599 900 iustissimo
1625 851 1752 899 bello

169 934 470 984 anteferrem,
533 936 578 982 6.
611 933 755 983 Victa
779 942 851 982 est
875 936 1133 983 auctoritas
1158 950 1283 992 mea,
1304 949 1405 981 non
1430 941 1529 982 tam
1554 949 1583 981 a
1607 933 1751 981 Pom-

170 1011 468 1080 peio-‘-nam
492 1017 533 1065 is
557 1017 1060 1081 movebatur—quam
1085 1018 1147 1065 ab
1166 1017 1236 1076 iis,
1257 1016 1340 1079 qui
1364 1015 1487 1064 duce
1512 1016 1750 1079 Pompeio

170 1099 275 1148 freti
311 1107 727 1163 peropportunam
761 1107 808 1147 et
839 1100 983 1147 rebus
1017 1099 1296 1148 domesticis
1329 1107 1376 1148 et
1409 1098 1750 1162 cupiditatibus

170 1183 269 1231 suis
301 1182 425 1230 illius
455 1182 566 1230 belli
589 1181 838 1229 victoriam
871 1180 974 1230 fore
1008 1183 1255 1245 putabant.
1330 1182 1619 1245 Susceptum
1652 1181 1750 1229 bel-

170 1266 269 1314 lum
303 1273 373 1314 est
408 1264 686 1327 quiescente
718 1279 812 1323 me,
845 1264 1101 1326 depulsum
1133 1280 1193 1312 ex
1226 1264 1364 1312 Italia
1395 1272 1623 1311 manente
1656 1278 1750 1320 me,

169 1348 332 1411 quoad
357 1347 493 1411 potui
510 1363 523 1407 ;
561 1347 647 1395 sed
671 1346 814 1394 valuit
846 1347 976 1408 apud
1000 1362 1080 1394 me
1113 1346 1220 1410 plus
1251 1347 1408 1409 pudor
1439 1361 1577 1394 meus
1603 1361 1751 1409 quam

168 1430 335 1488 timor3
378 1428 552 1476 veritus
587 1443 694 1476 sum
736 1428 905 1476 deesse
942 1428 1162 1491 Pompeii
1198 1429 1350 1487 saluti,
1394 1444 1506 1477 cum
1542 1429 1619 1477 ille
1666 1429 1750 1477 ali-

167 1512 365 1576 quando
395 1527 496 1560 non
530 1511 760 1559 defuisset
791 1527 942 1560 meae.
1014 1512 1186 1576 Itaque
1217 1512 1292 1561 vel
1324 1512 1485 1560 officio
1516 1512 1591 1560 vel
1622 1512 1750 1561 fama

166 1596 407 1644 bonorum
447 1593 520 1643 vel
562 1594 749 1657 pudore
791 1595 958 1653 victus,
1001 1603 1054 1643 ut
1099 1595 1150 1642 in
1198 1594 1369 1643 fabulis
1411 1594 1747 1658 Amphiaraus,

169 1678 236 1726 sic
271 1693 365 1740 ego
401 1677 615 1740 prudens
650 1685 697 1724 et
733 1676 889 1725 sciens
928 1677 1018 1725 ‘ad
1054 1685 1242 1740 pestem
1275 1685 1386 1726 ante
1420 1677 1589 1726 oculos
1617 1678 1749 1740 posi-

167 1760 288 1808 tam'
332 1774 439 1808 sum
482 1758 763 1821 profectus;
817 1774 916 1821 quo
954 1759 1004 1806 in
1040 1759 1166 1807 bello
1203 1759 1318 1807 nihil
1355 1759 1539 1808 adversi
1578 1760 1751 1809 accidit

169 1858 269 1890 non
319 1842 627 1905 praedicente
665 1856 760 1890 me.
834 1851 877 1903 7.
915 1840 1029 1900 Qua
1069 1858 1120 1890 re
1163 1843 1409 1906 quoniam,
1450 1851 1503 1890 ut
1540 1858 1748 1905 augures

168 1933 217 1973 et
252 1923 480 1986 astrologi
518 1923 687 1982 solent,
717 1938 811 1986 ego
847 1939 1044 1987 quoque
1083 1940 1237 1987 augur
1271 1924 1494 1988 publicus
1530 1942 1590 1975 ex
1626 1927 1749 1974 meis

169 2006 496 2070 superioribus
543 2005 798 2067 praedictis
854 2006 1077 2054 constitui
1135 2006 1266 2070 apud
1314 2014 1359 2054 te
1415 2008 1748 2056 auctoritatem

168 2089 353 2151 augurii
389 2096 436 2136 et
472 2088 777 2136 divinationis
813 2103 966 2143 meae,
1003 2088 1198 2137 debebit
1234 2088 1411 2137 habere
1449 2090 1596 2138 fidem
1631 2105 1744 2138 nos-

167 2179 238 2218 tra
262 2170 537 2233 praedictio.
610 2168 727 2217 Non
760 2170 903 2232 igitur
936 2185 995 2217 ex
1030 2170 1152 2218 alitis
1185 2170 1396 2220 involatu
1429 2187 1519 2220 nec
1550 2187 1576 2220 e
1603 2180 1749 2220 cantu

167 2252 359 2301 sinistro
398 2253 592 2311 oscinis,
629 2260 681 2299 ut
723 2252 773 2299 in
815 2260 981 2300 nostra
1018 2252 1272 2316 disciplina
1308 2261 1394 2312 est,
1432 2270 1524 2303 nec
1561 2270 1619 2303 ex
1668 2255 1747 2302 tri-

167 2334 325 2397 pudiis
377 2334 619 2383 solistimis
675 2342 756 2382 aut
811 2335 1008 2383 soniviis
1055 2336 1140 2383 tibi
1188 2351 1412 2399 auguror,
1456 2336 1543 2385 sed
1590 2337 1748 2386 habeo

169 2417 260 2464 alia
295 2416 449 2478 signa,
486 2431 610 2479 quae
646 2417 898 2464 observem
917 2433 930 2477 3
972 2432 1096 2479 quae
1133 2418 1222 2465 etsi
1259 2433 1360 2465 non
1397 2427 1507 2466 sunt
1544 2420 1749 2468 certiora

170 2499 271 2556 illis,
322 2499 482 2546 minus
530 2506 691 2546 tamen
740 2499 920 2547 habent
967 2500 1040 2546 vel
1088 2501 1392 2548 obscuritatis
1441 2501 1513 2549 vel
1561 2503 1747 2550 erroris.

173 2584 216 2629 8.
254 2580 497 2628 Notantur
543 2588 702 2629 autem
750 2581 865 2629 mihi
914 2581 975 2630 ad
1024 2581 1336 2630 divinandum
1387 2583 1525 2646 signa
1572 2583 1749 2648 duplici

173 2663 382 2728 quadam
441 2663 529 2720 via,
577 2678 781 2725 quarum
840 2663 1038 2711 alteram
1098 2664 1226 2712 duco
1278 2680 1305 2712 e
1359 2663 1568 2714 Caesare
1628 2666 1750 2729 ipso,

175 2747 372 2795 alteram
408 2761 434 2792 e
471 2753 746 2807 temporum
783 2746 989 2794 civilium
1034 2754 1202 2794 natura
1238 2754 1381 2809 atque
1423 2748 1621 2796 ratione.
1693 2749 1751 2797 In

178 2825 386 2877 Caesare
445 2825 564 2876 haec
624 2836 763 2875 sunt:
823 2827 949 2875 mitis
1004 2827 1314 2892 clemensque
1368 2836 1550 2889 natura,
1599 2831 1753 2894 qualis
