2040 3048
111 103 181 154 Ep.
209 84 292 160 15.]
448 96 635 139 EPIST.
669 97 750 135 An
790 94 993 146 QUINT.
1028 94 1145 134 ΓΒΑ
1159 94 1205 136 T.
1242 96 1280 135 Ι.
1312 98 1359 138 2.
1616 98 1686 153 39

112 231 469 280 comburantur.
539 226 641 275 Eae
673 226 852 275 litterae
889 228 975 274 abs
1011 234 1057 274 te
1094 241 1179 289 per
1215 225 1375 273 iocum
1414 225 1589 273 missae
1625 225 1687 272 ad

113 313 168 362 C.
194 312 415 370 Fabium,
440 310 480 358 si
512 309 664 358 modo
696 317 806 358 sunt
843 317 967 367 tuae,
994 324 1105 357 cum
1142 309 1377 371 leguntur,
1403 307 1688 356 invidiosam

114 394 411 443 atrocitatem
436 391 692 440 verborum
725 390 907 438 habent
924 406 939 450 ς
978 401 1022 450 7.
1050 404 1120 449 ac,
1149 390 1187 438 si
1221 389 1440 438 omnium
1474 404 1691 437 mearum

113 483 370 542 praecepta
411 473 672 523 litterarum
715 480 920 535 repeteS,
953 472 1203 535 intelleges
1245 486 1352 520 esse
1386 471 1503 520 nihil
1545 487 1575 520 a
1614 487 1693 520 rne

115 559 206 608 nisi
238 556 468 607 orationis
501 555 809 604 acerbitatem
840 563 887 603 et
915 555 1213 603 iracundiam
1248 562 1309 612 et,
1341 553 1381 602 si
1415 553 1554 613 forte,
1587 570 1696 603 raro

116 640 375 690 litterarum
417 638 674 687 missarum
712 636 1061 699 indiligentiam
1105 635 1477 700 reprehensam:
1522 637 1696 700 quibus

117 722 312 787 quidem
337 721 387 769 in
413 721 557 770 rebus
582 720 618 768 si
646 718 776 782 apud
801 727 845 767 te
871 719 980 782 plus
1005 719 1266 767 auctoritas
1295 734 1406 766 mea
1435 735 1583 782 quam
1616 728 1698 768 tua

118 806 216 853 sive
241 812 410 852 natura
434 802 580 866 paulo
606 802 758 851 acrior
782 801 880 849 sive
906 801 1148 864 quaedam
1182 800 1389 849 dulcedo
1422 801 1698 849 iracundiae

120 887 217 936 sive
255 885 447 935 dicendi
483 884 553 932 sal
589 883 884 946 facetiaeque
922 884 1195 942 valuissent,
1233 883 1351 931 nihil
1395 887 1525 932 sane
1555 892 1698 942 esset,

121 969 254 1034 quod
278 983 369 1016 nos
393 966 676 1030 poeniteret.
735 964 798 1012 Et
824 965 1053 1014 mediocri
1077 981 1156 1015 me
1182 966 1349 1015 dolore
1374 974 1516 1029 putas
1542 966 1698 1025 adfici,

121 1066 234 1100 cum
275 1049 484 1107 audiam,
522 1063 619 1110 qua
662 1048 721 1096 sit
762 1047 1114 1095 existimatione
1152 1048 1406 1110 Vergilius,
1447 1064 1544 1112 qua
1591 1057 1701 1097 tuus

122 1129 306 1178 vicinus
342 1128 398 1177 C.
430 1127 692 1176 Octavius?
730 1141 843 1174 narn
882 1127 922 1175 si
957 1134 1003 1174 te
1040 1126 1347 1175 interioribus
1382 1128 1550 1176 vicinis
1594 1129 1700 1188 tuis,

124 1211 364 1260 Ciliciensi
383 1218 431 1257 et
451 1208 664 1271 Syriaco,
683 1209 956 1270 anteponis,
974 1209 1109 1256 valde
1130 1224 1363 1271 magnum
1382 1209 1502 1258 facis
1519 1211 1530 1258 1
1557 1218 1701 1273 atque

124 1295 163 1342 is
189 1293 325 1342 dolor
348 1300 435 1350 est,
453 1290 585 1354 quod
611 1305 722 1338 cum
747 1290 792 1348 ii,
809 1305 933 1353 quos
957 1290 1219 1349 nominavi,
1240 1299 1286 1339 te
1305 1291 1584 1340 innocentia
1603 1308 1703 1341 non

125 1377 332 1434 vincant,
352 1374 554 1421 vincunt
578 1381 742 1421 tamen
769 1372 969 1420 artificio
993 1372 1358 1422 benevolentiae
1384 1374 1702 1438 colligendae,

127 1459 208 1522 qui
232 1472 391 1520 neque
411 1454 592 1518 Cyrum
613 1453 958 1517 Xenophontis
978 1470 1135 1518 neque
1153 1455 1438 1519 Agesilaum
1456 1458 1704 1517 noverint;

128 1555 334 1605 quorum
372 1553 543 1601 regum
581 1552 774 1586 summo
811 1537 1013 1600 imperio
1049 1552 1198 1586 nemo
1235 1553 1470 1603 umquam
1507 1541 1707 1588 verbum

129 1625 278 1672 ullum
303 1621 518 1685 asperius
542 1620 735 1668 audivit.

195 1705 290 1754 III.
328 1707 372 1752 8.
413 1703 510 1751 Sed
534 1702 655 1750 haec
688 1718 717 1750 a
748 1703 985 1766 principio
1019 1703 1103 1752 tibi
1136 1704 1442 1767 praecipiens
1475 1715 1708 1769 quantum

131 1786 431 1851 profecerim,
465 1798 564 1833 non
598 1785 801 1846 ignoro:
839 1801 972 1834 nunc
1008 1793 1174 1834 tamen
1207 1787 1464 1847 decedens,
1498 1788 1548 1836 id
1577 1789 1710 1852 quod

131 1869 248 1918 mihi
272 1869 371 1917 iam
398 1867 557 1916 facere
583 1866 772 1926 videris,
799 1867 1014 1931 relinque
1041 1883 1225 1929 quaeso
1251 1884 1400 1932 quam
1425 1871 1711 1919 iucundissi-

132 1967 264 2000 mam
294 1950 582 1999 memoriam
620 1950 702 1997 tui.
777 1949 1124 1999 Successorem
1163 1951 1315 2000 habes
1354 1953 1709 2016 perblandum;

134 2041 292 2083 cetera
330 2031 467 2079 valde
509 2031 632 2078 illius
677 2031 884 2080 adventu
927 2041 1010 2080 tua
1051 2035 1367 2096 requirentur.
1441 2035 1502 2084 In
1550 2037 1714 2085 litteris

136 2113 395 2173 mittendis,
431 2118 487 2160 ut
517 2128 663 2177 saepe
700 2113 763 2161 ad
800 2121 845 2161 te
879 2115 1064 2177 scripsi,
1098 2116 1302 2163 nimium
1334 2124 1381 2165 te
1419 2119 1713 2167 exorabilem

137 2195 423 2260 praebuisti:
459 2194 572 2243 tolle
597 2210 784 2254 omneS,
811 2196 851 2243 si
884 2205 1040 2260 potes,
1066 2197 1269 2260 iniquaS‚
1300 2198 1412 2247 tolle
1449 2200 1715 2261 inusitataS‚

139 2278 253 2327 tolle
302 2277 582 2327 contrarias.
659 2277 840 2326 Statius
889 2279 1005 2326 mihi
1056 2281 1262 2328 narravit
1312 2283 1513 2345 scriptas
1562 2283 1624 2332 ad
1672 2292 1718 2332 te

141 2359 292 2408 solere
339 2358 526 2418 adferri,
575 2359 636 2407 ab
684 2375 736 2408 se
783 2360 894 2422 legi,
943 2369 1003 2419 et,
1043 2362 1081 2410 si
1131 2362 1324 2425 iniquae
1374 2365 1483 2424 sint,
1523 2365 1623 2413 fieri
1673 2375 1720 2414 te

145 2440 422 2500 certiorem;
461 2449 720 2504 antequam
763 2457 875 2490 vero
925 2443 1028 2505 ipse
1077 2444 1138 2492 ad
1186 2453 1231 2492 te
1274 2446 1495 2505 venisset,
1536 2447 1722 2497 nullum

147 2522 384 2570 delectum
402 2522 661 2570 litterarum
684 2523 827 2573 fuisse
845 2541 856 2584 3
885 2541 943 2573 ex
964 2540 1023 2573 eo
1044 2542 1151 2575 esse
1171 2527 1418 2576 volumina
1437 2530 1722 2580 selectarum

147 2605 472 2668 epistolarum,
492 2621 615 2669 quae
642 2609 928 2670 reprehendi
953 2610 1175 2659 solerent.
1247 2628 1290 2674 9.
1328 2612 1442 2661 Hoc
1468 2614 1528 2662 de
1548 2631 1724 2678 genere

149 2685 264 2733 nihil
289 2694 334 2733 te
360 2701 489 2735 nunc
505 2689 701 2751 quidem
725 2705 905 2740 moneo
926 2707 940 2751 3
971 2706 1079 2740 sero
1105 2702 1176 2741 est
1201 2695 1344 2752 enirn,
1362 2711 1418 2744 ac
1444 2697 1565 2746 scire
1586 2708 1726 2761 potes

142 2767 299 2815 ⁴multa
322 2782 400 2816 me
425 2769 549 2817 varie
575 2770 921 2836 diligenterque
946 2775 1222 2824 monuisse:
1261 2777 1375 2826 illud
1401 2786 1578 2839 tamen,
1597 2781 1729 2843 quod
