2040 3048
118 110 187 161 Ep.
210 99 302 168 29.]
464 109 647 151 EPIST.
687 109 768 148 AD
805 109 1177 149 FAMJLJARES
1215 112 1254 151 I.
1296 116 1344 168 9.
1626 110 1692 167 75

119 233 423 293 ulciscendiS‚
472 248 597 298 quos
655 234 739 282 tibi
796 235 968 297 partim
1021 233 1244 283 inimicos
1299 248 1405 282 esse
1461 233 1696 295 intellegis

119 324 316 378 propter
357 324 490 364 tuam
529 316 972 378 propugnationem
1009 316 1172 364 salutis
1214 330 1368 375 meae,
1407 316 1580 378 partim
1622 315 1696 362 in·-

118 397 277 445 videre
325 405 523 460 propter
561 397 682 446 illius
731 398 934 446 actionis
982 398 1348 461 amplitudinem
1391 406 1439 445 et
1480 398 1694 461 gloriam,

118 481 371 528 mirificum
407 495 485 528 me
522 481 607 528 tibi
636 481 867 529 comitem
903 481 1261 543 praebuissem:
1299 496 1596 544 quamquam
1622 480 1697 527 ille

119 563 344 625 perennis
385 562 609 610 inimicus
656 563 923 610 amicorum
960 578 1175 622 suorum,
1213 564 1295 627 qui
1344 563 1436 611 tuis
1471 562 1698 610 maximis

118 644 362 693 beneficiis
388 653 585 693 ornatus
609 645 660 692 in
685 654 731 693 te
751 645 1056 708 potissimum
1083 645 1282 694 fractam
1309 646 1438 693 illam
1463 653 1510 693 et
1535 644 1698 693 debili·

119 732 266 774 tatam
306 726 402 773 vim
440 741 577 774 suam
619 727 831 785 contulit,
875 734 1092 775 nostram
1127 728 1282 775 vicem
1322 727 1448 775 ultus
1485 735 1558 775 est
1595 727 1698 790 ipse

120 823 253 867 sese;
290 823 350 857 ea
377 817 450 857 est
484 810 614 856 enim
648 817 865 868 conatuS‚
891 810 1067 873 quibus
1102 809 1356 872 patefactis
1392 808 1575 856 nullam
1608 808 1698 856 sibi

119 890 169 937 in
193 897 442 953 posterum
465 905 567 939 non
592 891 743 940 modo
770 892 1014 954 dignitatis
1043 891 1130 940 sed
1154 907 1217 940 ne
1249 891 1478 939 libertatis
1502 890 1699 953 quidem

120 981 306 1035 partem
329 973 534 1036 reliquit.
607 990 651 1036 3.
689 974 766 1022 Te
799 982 961 1023 autem
993 975 1081 1022 etsi
1116 974 1310 1022 mallem
1338 975 1388 1021 in
1412 973 1533 1022 meis
1556 973 1699 1020 rebus

120 1064 372 1119 expertum
406 1071 554 1119 quam
590 1057 734 1105 etiam
768 1057 818 1104 in
853 1058 959 1116 tuis,
986 1065 1150 1104 tamen
1182 1057 1230 1104 in
1263 1056 1484 1105 molestia
1507 1056 1699 1118 gaudeo

121 1154 229 1187 earn
267 1139 413 1186 fidem
450 1154 693 1202 cognosse
730 1139 984 1188 hominum
1014 1154 1115 1187 non
1149 1140 1215 1187 ita
1250 1155 1431 1202 magna
1459 1139 1699 1195 mercede,

121 1236 267 1283 quam
292 1236 386 1284 ego
414 1222 630 1269 maximo
657 1222 823 1270 dolore
849 1237 1145 1284 cognoram;
1185 1222 1245 1269 de
1270 1237 1366 1284 qua
1389 1221 1574 1269 ratione
1599 1227 1701 1268 tota

120 1304 215 1350 iam
241 1303 428 1351 videtur
451 1303 568 1351 mihi
593 1305 873 1367 exponendi
897 1311 1091 1366 tempus
1117 1303 1233 1363 dari,
1253 1311 1306 1351 ut
1329 1303 1414 1351 tibi
1438 1303 1700 1350 rescribam

120 1387 183 1435 ad
207 1403 277 1445 ea,
305 1401 428 1449 quae
465 1387 670 1449 quaeris.
743 1402 788 1446 4.
827 1386 1095 1435 Certiorem
1125 1393 1171 1434 te
1200 1402 1287 1449 per
1321 1386 1499 1434 litteras
1534 1386 1701 1434 scribis

120 1485 225 1518 esse
250 1469 430 1517 factum
454 1484 534 1516 me
559 1484 671 1516 cum
697 1467 907 1517 Caesare
933 1477 980 1517 et
1004 1484 1116 1517 cum
1141 1469 1305 1532 Appio
1330 1484 1434 1517 esse
1459 1469 1509 1515 in
1533 1469 1699 1531 gratia,

120 1560 262 1615 teque
300 1551 349 1599 id
386 1566 488 1599 non
529 1551 881 1615 reprehendere
923 1551 1157 1600 adscribis
1174 1567 1187 1612 3
1248 1551 1498 1599 Vatinium
1540 1560 1700 1599 autem

122 1635 242 1683 scire
266 1641 312 1682 te
344 1634 463 1682 velle
494 1634 711 1682 ostendis
744 1635 919 1697 quibus
951 1635 1096 1682 rebus
1129 1634 1369 1682 adductus
1403 1634 1700 1683 defenderim

120 1725 167 1764 et
189 1716 436 1764 laudarim.
510 1715 662 1775 Quod
686 1717 770 1764 tibi
801 1725 855 1764 ut
885 1716 1076 1779 planius
1105 1732 1364 1780 exponam,
1391 1716 1530 1765 altius
1555 1717 1700 1780 paulo

119 1800 355 1847 rationem
380 1798 694 1846 consiliorum
718 1814 940 1847 meorum
965 1807 1180 1862 repetam
1206 1814 1406 1847 necesse
1431 1808 1516 1848 est.
1588 1799 1699 1862 Ego

120 1896 214 1940 me,
256 1880 473 1939 Lentule,
522 1881 658 1928 initio
700 1896 859 1928 rerum
902 1889 1044 1944 atque
1085 1881 1332 1929 actionum
1370 1889 1560 1929 tuarum
1599 1897 1699 1930 non

122 1964 280 2012 solum
304 1963 424 2011 meis
449 1962 536 2011 sed
559 1964 705 2010 etiam
730 1963 798 2010 rei
830 1963 1052 2025 publicae
1085 1964 1355 2011 restitutum
1380 1964 1612 2026 putabam
1637 1973 1697 2024 et,

121 2046 355 2109 quoniam
387 2045 471 2093 tibi
509 2045 837 2094 incredibilem
869 2046 1115 2108 quendam
1148 2061 1365 2094 amorem
1389 2053 1437 2094 et
1461 2047 1628 2094 omnia
1652 2048 1701 2095 in

122 2136 168 2175 te
201 2128 363 2190 ipsum
400 2142 590 2175 summa
626 2142 682 2175 ac
707 2127 965 2189 singularia
990 2128 1148 2176 studia
1172 2128 1416 2187 deberem,
1441 2129 1509 2176 rei
1547 2129 1701 2192 publi-

124 2225 224 2268 cae,
261 2224 384 2272 quae
421 2217 468 2257 te
504 2210 554 2256 in
590 2225 669 2256 me
705 2210 1003 2258 restituendo
1041 2210 1246 2257 multum
1282 2210 1553 2268 adiuvisset,
1590 2226 1703 2258 eum

125 2299 251 2340 certe
280 2306 360 2339 me
395 2291 612 2338 animum
643 2291 816 2339 merito
853 2291 1004 2354 ipsius
1041 2291 1217 2340 debere
1253 2293 1529 2351 arbitrabar,
1557 2307 1703 2355 quem

124 2381 266 2421 antea
298 2382 487 2421 tantum
523 2373 675 2422 modo
717 2374 967 2422 communi
1003 2373 1163 2422 officio
1205 2365 1394 2433 civium,
1427 2390 1528 2422 non
1565 2374 1704 2422 alicui

126 2471 241 2518 erga
265 2471 344 2504 me
377 2455 606 2519 singulari
641 2456 880 2504 beneficio
916 2456 1131 2504 debitum
1164 2457 1520 2518 praestitissem.
1592 2455 1705 2504 Hac

125 2553 204 2586 me
229 2545 390 2586 mente
416 2537 560 2586 fuisse
587 2546 635 2586 et
660 2546 855 2586 senatus
880 2553 941 2586 ex
965 2553 1045 2586 me
1078 2546 1124 2586 te
1150 2538 1349 2586 consule
1381 2538 1560 2586 audivit
1584 2547 1630 2586 et
1655 2547 1704 2586 tu

127 2620 175 2667 in
221 2619 399 2668 nostris
455 2621 759 2669 sermonibus
816 2620 1314 2683 collocutionibusque
1374 2621 1477 2684 ipse
1533 2621 1701 2670 vidisti.

129 2715 172 2763 5.
208 2702 311 2751 Etsi
359 2702 455 2749 iam
503 2703 669 2765 primis
708 2704 1007 2768 temporibus
1048 2703 1136 2751 illis
1175 2703 1337 2751 multis
1377 2704 1518 2751 rebus
1566 2719 1704 2752 meus

129 2783 462 2833 offendebatur
503 2785 706 2845 animus,
747 2801 859 2835 cum
908 2794 952 2834 te
996 2793 1170 2849 agente
1219 2785 1280 2833 de
1319 2785 1501 2848 reliqua
1541 2796 1705 2835 nostra
