2040 3048
305 88 406 156 248
665 111 667 113 ·
760 101 821 140 M.
868 99 1064 140 TULLII
1101 100 1417 140 CICERONIS
1686 90 1801 159 [Pan
1826 102 1874 140 v.

625 279 731 324 123.
802 274 896 322 AD
932 274 1348 323 FAMILIARES
1385 275 1470 324 XI.
1513 288 1556 337 5.

426 362 533 412 ScR.
574 363 755 412 ROMAE
793 377 944 412 MEmo
980 379 1135 412 MENSE
1171 363 1428 414 DECEMBRI
1465 380 1602 413 Α.υ.ο.
1644 377 1753 426 710.

528 468 578 501 M.
615 467 785 501 CICERO
820 468 856 501 s.
883 469 927 501 n.
955 468 999 501 D.
1037 467 1197 502 BRUTO
1233 469 1328 501 IMP.
1365 468 1461 502 cos.
1501 469 1652 502 DEsrc.

372 570 413 602 1.
449 552 611 603 Lupus
649 553 889 603 familiaris
926 563 1089 604 noster
1132 570 1243 604 cum
1282 571 1311 604 a
1340 564 1386 603 te
1422 557 1628 604 venisset
1665 571 1873 618 cumque

299 635 489 684 Romae
539 636 780 699 quosdam
829 637 931 685 dies
978 645 1372 694 commoraretur,
1415 653 1510 700 ego
1552 653 1684 685 eram
1725 638 1774 685 in
1815 638 1873 685 iis

297 718 431 775 locis,
469 718 518 766 in
566 719 742 780 quibus
791 720 1002 766 maxime
1051 728 1153 768 tuto
1201 735 1280 767 me
1321 735 1428 768 esse
1470 720 1758 779 arbitrabar3
1813 735 1873 768 eo

298 799 476 847 factum
524 808 596 848 est
641 808 693 848 ut
740 801 802 849 ad
850 809 896 849 te
944 801 1111 864 Lupus
1159 803 1262 850 sine
1308 802 1428 850 meis
1474 802 1639 850 litteris
1686 802 1870 860 rediret,

298 897 410 930 cum
451 889 614 930 tamen
653 891 877 942 curasset,
914 890 1019 930 tuas
1056 884 1118 931 ad
1152 899 1231 931 me
1267 883 1587 946 perferendas.
1660 883 1873 931 Romam

298 971 459 1011 autern
506 965 615 1012 veni
661 979 703 1013 a.
747 964 795 1015 d.
837 981 880 1013 v.
928 965 1044 1013 Idus
1092 965 1228 1024 Dec„
1276 981 1367 1014 nec
1414 965 1560 1014 habui
1612 967 1874 1029 quicquam

298 1046 553 1108 antiquiuS‚
587 1061 733 1108 quam
770 1055 823 1095 ut
858 1046 1070 1095 Pansam
1107 1048 1267 1096 statim
1303 1049 1613 1096 convenirem
1628 1064 1642 1108 ;
1678 1064 1739 1096 ex
1775 1063 1874 1111 quo

297 1143 355 1176 ea
387 1128 448 1176 de
480 1137 526 1176 te
559 1130 782 1192 cognovi,
816 1145 939 1193 quae
972 1130 1183 1178 maxime
1215 1131 1460 1193 optabam.
1532 1128 1646 1189 Qua
1677 1147 1727 1179 re
1763 1131 1873 1179 hor-

297 1210 477 1258 tatione
525 1219 578 1260 tu
618 1211 815 1274 quidem
862 1227 963 1260 non
1004 1228 1133 1275 eges,
1172 1213 1211 1260 si
1257 1228 1319 1261 ne
1364 1214 1414 1260 in
1456 1213 1534 1261 illa
1575 1214 1771 1276 quidem
1806 1230 1871 1273 re,

299 1308 424 1356 quae
462 1308 491 1340 a
527 1302 574 1341 te
610 1302 745 1355 gesta
781 1302 853 1342 est
889 1302 1000 1356 post
1035 1294 1289 1342 hominum
1326 1296 1610 1342 memoriam
1647 1296 1873 1354 maxima,

298 1375 593 1423 hortatorem
642 1376 934 1425 desiderasti.
1013 1394 1053 1426 2.
1091 1377 1216 1425 Illud
1263 1385 1427 1425 tamen
1474 1379 1677 1426 breviter
1729 1379 1874 1440 signi-

298 1456 543 1505 ficandum
610 1458 809 1517 videtur,
869 1459 1104 1521 populum
1165 1458 1446 1507 Romanum
1508 1460 1673 1507 omnia
1737 1477 1766 1508 a
1827 1470 1873 1508 te

298 1547 580 1602 exspectare
617 1548 760 1604 atque
796 1541 846 1587 in
886 1549 932 1587 te
968 1541 1228 1602 aliquando
1265 1542 1604 1603 reciperandae
1647 1542 1872 1590 libertatis

298 1634 500 1668 omnem
548 1636 687 1684 spem
735 1637 931 1684 ponere.
1015 1623 1108 1682 Tu,
1159 1624 1198 1670 si
1245 1623 1346 1671 dies
1395 1632 1659 1686 noctesque
1705 1625 1873 1673 memi-

298 1702 440 1762 neris,
475 1703 609 1766 quod
643 1711 690 1751 te
727 1703 884 1752 facere
921 1712 1052 1752 certo
1090 1705 1206 1764 scio,
1241 1714 1473 1768 quantam
1514 1721 1616 1753 rem
1652 1709 1873 1769 gesseris,

298 1794 399 1828 non
434 1781 715 1830 obliviscere
750 1782 985 1845 profecto,
1011 1791 1218 1845 quantae
1251 1784 1334 1831 tibi
1368 1784 1512 1832 etiam
1542 1800 1672 1833 nunc
1702 1801 1872 1847 geren-

298 1863 389 1910 dae
449 1863 570 1911 sint:
633 1863 672 1911 si
731 1865 862 1912 enim
915 1865 1003 1913 iste
1061 1866 1362 1928 provinciam
1413 1875 1583 1914 nactus
1640 1868 1738 1927 erit,
1797 1871 1872 1916 cui

298 1945 495 2007 quidem
543 1960 637 2008 ego
686 1961 878 2009 semper
926 1947 1109 1994 amicus
1157 1947 1224 1994 fui
1268 1955 1394 2005 ante,
1439 1964 1587 2012 quam
1629 1949 1760 1997 illum
1802 1952 1873 1998 in-

298 2026 456 2074 tellexi
504 2042 606 2074 non
653 2029 805 2076 modo
855 2037 1033 2092 aperte,
1082 2030 1167 2077 sed
1216 2031 1361 2077 etiam
1413 2031 1614 2079 libenter
1660 2047 1771 2079 cum
1822 2050 1872 2081 re

298 2109 493 2172 publica
549 2109 729 2157 bellum
788 2126 969 2172 gerere,
1019 2126 1157 2174 spem
1213 2112 1450 2174 reliquam·
1501 2113 1683 2161 nullam
1734 2114 1873 2162 video

299 2191 476 2239 salutis.
566 2208 610 2254 3.
663 2190 827 2250 Quam
863 2194 930 2240 ob
965 2208 1068 2240 rem
1104 2201 1150 2240 te
1186 2195 1391 2242 obsecro
1427 2194 1600 2242 iisdem
1634 2196 1872 2258 precibus,

300 2273 473 2336 quibus
517 2281 711 2322 senatus
751 2275 1061 2337 populusque
1100 2274 1369 2334 Romanus,
1407 2284 1459 2324 ut
1499 2277 1549 2323 in
1590 2287 1874 2339 perpetuum

300 2370 403 2402 rem
439 2355 680 2417 publicam
718 2356 970 2404 dominatu
1005 2358 1138 2419 regio
1177 2358 1361 2415 liberes,
1386 2366 1438 2405 ut
1474 2359 1721 2422 principiis
1758 2375 1875 2408 con-

301 2437 507 2485 sentiant
548 2438 716 2487 exitus.
786 2438 953 2486 Tuum
995 2447 1068 2487 est
1108 2439 1202 2487 hoc
1244 2455 1435 2498 munus,
1476 2448 1584 2488 tuae
1623 2448 1810 2504 partes;
1848 2457 1877 2489 a

303 2528 349 2567 te
384 2517 478 2566 hoc
521 2520 684 2568 civitas
721 2520 794 2568 vel
832 2536 1006 2570 omnes
1044 2522 1205 2584 potius
1243 2530 1413 2583 gentes
1453 2537 1554 2570 non
1594 2531 1877 2586 exspectant

303 2601 476 2660 solum,
525 2602 612 2650 sed
663 2603 808 2650 etiam
859 2604 1133 2666 postulant:
1188 2619 1497 2667 quamquam,
1549 2620 1661 2652 curn
1716 2604 1875 2653 horta-

304 2684 434 2730 tione
476 2698 577 2731 non
613 2699 773 2746 egeas,
807 2693 858 2732 ut
894 2700 1037 2747 supra
1073 2685 1255 2747 scripsi,
1290 2701 1391 2733 non
1427 2695 1533 2733 utar
1568 2702 1626 2735 ea
1660 2686 1875 2748 pluribus

305 2765 488 2823 verbis3
527 2765 700 2813 faciam
736 2766 864 2824 illud,
890 2766 1022 2829 quod
1060 2781 1223 2813 meum
1259 2776 1344 2825 est,
1370 2775 1422 2814 ut
1459 2768 1541 2814 tibi
1575 2768 1739 2815 omnia
1767 2784 1878 2816 mea
