2040 3048
159 109 226 160 Ep.
258 98 352 166 29.]
520 110 703 152 ERJST.
745 110 825 149 AD
863 111 1235 151 FAMILIARES
1273 115 1308 155 I.
1348 115 1398 169 9.
1666 100 1729 167 87

159 234 564 281 rentur—etenim
599 234 646 282 id
677 234 767 282 feci
802 250 944 298 parce
979 244 1025 284 et
1058 236 1344 296 molliter—,
1370 237 1456 285 sed
1483 251 1581 295 eOS,
1609 251 1733 299 quos

159 324 258 363 erat
284 315 518 363 infinitum
547 317 668 363 bene
694 315 753 363 de
780 332 857 364 me
884 319 1080 367 meritos
1105 333 1276 367 omnes
1303 319 1582 378 nominare;
1609 333 1734 380 quos

159 407 319 446 tamen
343 400 475 460 ipsos
499 398 659 455 libros,
677 399 716 445 si
741 413 886 460 quem
914 400 991 447 cui
1017 409 1143 448 recte
1170 402 1472 449 committam
1492 401 1731 459 invenero,

159 481 335 528 curabo
365 480 427 527 ad
461 488 506 527 te
540 479 862 541 perferendos.
938 481 1098 543 Atque
1137 483 1279 530 istam
1317 482 1512 546 quidem
1547 491 1734 544 partem

159 562 279 609 vitae
331 561 788 624 consuetudinisque
840 570 1031 610 nostrae
1086 570 1239 611 totam
1290 564 1350 612 ad
1420 573 1466 612 te
1538 564 1731 612 defero:

159 651 389 707 quantum
423 643 598 700 litteris,
625 652 859 706 quantum
894 644 1077 698 studiis,
1107 647 1345 693 veteribus
1372 646 1548 694 nostris
1576 646 1733 694 delec-

158 725 432 784 tationibus,
481 726 712 788 consequi
761 726 1037 788 poterimus,
1088 727 1135 773 id
1184 742 1331 775 omne
1380 728 1441 775 ad
1490 728 1733 775 arbitrium

157 815 306 864 tuum,
344 807 425 869 qui
461 807 581 855 haec
618 822 808 870 semper
845 809 1027 866 amasti,
1064 807 1376 857 libentissime
1413 809 1732 857 conferemus.

162 905 237 948 24.
275 888 415 948 Quae
440 889 502 936 ad
526 903 604 937 me
631 889 691 936 de
717 889 809 937 tuis
834 891 976 938 rebus
1001 890 1279 939 domesticis
1305 891 1484 949 scribis,
1513 905 1733 954 quaeque

158 971 271 1019 mihi
297 971 626 1030 commendas,
653 987 711 1019 ea
734 978 894 1020 tantae
918 973 1035 1020 mihi
1059 988 1201 1022 curae
1236 981 1359 1032 sunt,
1385 982 1438 1022 ut
1470 989 1549 1022 me
1584 974 1733 1021 nolim

158 1053 420 1111 admoneri,
460 1054 618 1115 rogari
665 1068 777 1101 vero
826 1055 928 1102 sine
975 1070 1158 1118 magno
1203 1055 1369 1103 dolore
1411 1057 1489 1103 vix
1534 1055 1732 1119 possim.

158 1134 307 1194 Quod
343 1134 402 1183 de
441 1134 608 1194 Quinti
646 1135 798 1184 fratris
832 1138 1029 1199 negotio
1065 1138 1231 1186 scribis
1265 1146 1311 1185 te
1346 1138 1503 1200 priore
1537 1146 1731 1197 aestate,

158 1218 291 1281 quod
315 1217 489 1265 morbo
509 1217 767 1280 impeditus
787 1218 836 1264 in
857 1217 1075 1267 Ciliciam
1095 1234 1196 1267 non
1216 1220 1474 1279 transieris,
1494 1221 1733 1269 conficere

158 1315 256 1350 non
282 1300 511 1362 potuisse,
537 1316 667 1348 nunc
691 1308 852 1348 autem
876 1302 1042 1350 omnia
1066 1302 1319 1360 facturum,
1340 1310 1392 1350 ut
1417 1303 1661 1360 conficias,
1682 1303 1731 1350 id

157 1384 277 1432 scito
302 1397 408 1431 esse
433 1383 534 1431 eius
557 1383 706 1442 modi,
722 1391 774 1431 ut
799 1382 940 1432 frater
958 1399 1096 1432 meus
1116 1399 1225 1432 vere
1245 1385 1486 1435 existimet
1505 1385 1734 1433 adiuncto

156 1467 246 1514 isto
290 1464 442 1514 fundo
486 1465 831 1528 patrimonium
875 1466 977 1514 fore
1021 1482 1164 1514 suum
1200 1482 1286 1530 per
1320 1475 1366 1515 te
1405 1468 1730 1516 constitutum.

156 1546 238 1595 Tu
262 1562 340 1594 me
366 1545 425 1594 de
452 1546 543 1595 tuis
567 1547 711 1595 rebus
736 1548 965 1595 omnibus
990 1555 1038 1595 et
1071 1547 1131 1595 de
1165 1547 1356 1597 Lentuli
1386 1549 1452 1596 tui
1485 1549 1732 1612 nostrique

157 1629 321 1677 studiis
376 1637 423 1677 et
478 1629 897 1677 exercitationibus
956 1630 1098 1678 velim
1159 1645 1307 1694 quam
1367 1630 1732 1679 familiarissime

155 1711 408 1759 certiorem
437 1717 485 1759 et
509 1725 657 1774 quam
691 1711 971 1774 saepissime
1002 1711 1149 1760 facias
1182 1713 1543 1775 existumesque
1578 1714 1731 1761 nemi-

155 1809 269 1841 nem
308 1794 532 1856 cuiquam
571 1808 730 1856 neque
773 1794 1007 1842 cariorem
1049 1810 1209 1858 neque
1250 1795 1584 1843 iucundiorem
1625 1811 1731 1844 um-

157 1891 301 1942 quam
339 1875 484 1923 fuisse
521 1891 668 1938 quam
706 1883 751 1924 te
787 1876 919 1935 mihi,
958 1877 1102 1940 idque
1145 1892 1224 1925 me
1267 1892 1368 1925 non
1406 1878 1556 1926 modo
1593 1887 1645 1927 ut
1681 1887 1732 1927 tu

158 1959 350 2016 sentias,
376 1958 462 2005 sed
498 1965 550 2005 ut
586 1973 759 2006 omnes
795 1966 977 2022 gentes,
1011 1960 1156 2007 etiam
1191 1967 1244 2007 ut
1280 1961 1535 2022 posteritas
1571 1962 1731 2010 omnis

156 2041 411 2104 intellegat,
428 2056 534 2088 esse
559 2040 809 2089 facturum.
863 2053 940 2101 25.
966 2041 1156 2104 Appius
1182 2041 1231 2088 in
1257 2043 1563 2091 sermonibus
1588 2052 1730 2092 antea

158 2125 415 2182 dictitabat,
453 2131 624 2186 postea
666 2124 782 2171 dixit
826 2124 971 2172 etiam
1014 2125 1063 2171 in
1108 2133 1277 2172 senatu
1320 2125 1497 2188 palam,
1535 2141 1656 2186 sese,
1695 2127 1734 2176 si

157 2208 335 2256 licitum
371 2214 498 2255 esset
533 2205 692 2268 legem
730 2207 960 2254 curiatam
997 2206 1132 2265 ferre,
1160 2208 1438 2256 sortiturum
1476 2223 1582 2258 esse
1623 2224 1733 2257 cum

157 2289 341 2351 collega
373 2289 670 2352 provincias;
709 2289 748 2337 si
781 2289 961 2337 curiata
984 2289 1062 2337 lex
1088 2304 1189 2338 non
1214 2298 1354 2348 esset,
1382 2305 1433 2339 se
1458 2299 1735 2353 paraturum

158 2387 268 2421 cum
293 2371 478 2434 collega
503 2371 683 2434 tibique
709 2386 1074 2431 successurum;
1110 2372 1268 2435 legem
1293 2373 1522 2422 curiatam
1550 2375 1736 2423 consuli

158 2454 264 2503 ferri
289 2469 414 2517 opus
439 2470 560 2514 esse,
581 2469 782 2504 necesse
806 2470 909 2503 non
935 2470 1041 2503 esse
1055 2471 1068 2514 ;
1109 2470 1174 2512 se,
1198 2456 1431 2518 quoniam
1456 2472 1516 2504 ex
1542 2465 1737 2508 senatus

158 2537 380 2587 consulto
401 2538 698 2600 provinciam
717 2538 929 2597 haberet,
948 2538 1055 2601 lege
1077 2537 1304 2587 Cornelia
1323 2539 1581 2602 imperium
1600 2540 1736 2589 habi-

159 2629 330 2675 turum,
356 2619 520 2683 quoad
543 2621 594 2668 in
618 2621 788 2669 urbem
815 2620 1068 2669 introisset.
1122 2620 1246 2683 Eg0,
1265 2622 1381 2686 quid
1401 2622 1462 2671 ad
1481 2630 1526 2670 te
1544 2629 1735 2671 tuorum

158 2703 362 2766 quisque
397 2702 780 2751 necessariorum
819 2703 1008 2762 scribat,
1036 2703 1236 2763 nescio;
1271 2704 1424 2752 varias
1450 2718 1557 2752 esse
1582 2705 1734 2767 opini-

157 2799 277 2833 ones
312 2784 569 2848 intellego:
607 2793 717 2834 sunt
751 2785 833 2849 qui
872 2793 1041 2848 putant
1071 2800 1214 2848 posse
1258 2794 1303 2834 te
1344 2801 1445 2834 non
1485 2787 1732 2846 decedere,
