2040 3048
318 97 415 162 148
755 110 818 151 M.
864 111 1063 150 TULLII
1097 113 1409 152 czcmoms
1669 105 1779 172 [Pars
1808 114 1881 155 111.

312 235 762 297 suppeditat—dico
799 235 1071 284 mehercule
1107 244 1160 285 ut
1197 238 1469 286 sentio—et
1510 252 1660 296 amor,
1700 254 1798 301 quo
1836 248 1882 286 et

311 330 475 363 meum
510 317 758 379 ingenium
794 317 1030 376 incitatur,
1054 333 1216 380 perge,
1241 327 1292 366 ut
1322 318 1454 377 facis,
1482 326 1530 366 et
1554 320 1706 367 scribe
1731 335 1881 382 quan-

311 404 413 442 tum
447 404 600 459 potes.
673 396 733 444 In
775 397 979 460 Epirum
1022 399 1154 462 quod
1195 415 1275 448 me
1311 414 1410 447 non
1446 400 1631 458 invitas,
1656 402 1882 449 comitem

311 491 412 524 non
448 478 720 536 molestum,
748 480 1037 539 subirascor,
1065 481 1151 529 sed
1187 481 1318 529 vale:
1358 496 1472 528 nam
1507 488 1560 528 ut
1594 481 1679 528 tibi
1715 483 1884 529 ambu-

311 558 524 616 landum,
540 560 839 622 ungendum,
860 562 930 612 sic
948 561 1066 609 mihi
1091 562 1430 611 dormiendum
1449 579 1463 623 3
1500 563 1679 611 etenim
1703 563 1884 612 litterae

312 648 422 687 tuae
446 640 562 687 mihi
588 656 814 689 somnum
842 643 1109 690 attulerunt.

690 775 769 820 62.
840 773 937 820 AD
972 773 1298 823 ATTICUM
1335 774 1422 823 lx.
1462 791 1505 836 9.

429 873 535 923 Sca.
570 889 620 922 m
654 874 913 924 FORMIANO
948 892 993 924 A.
1030 891 1076 924 n.
1114 892 1209 924 xvr.
1247 876 1516 926 KALENDAS
1551 877 1763 927 APans

954 971 1094 1007 A.u.c.
1135 968 1247 1018 705.

844 1067 1015 1102 CICERO
1050 1067 1227 1102 ATTICO
1259 1068 1362 1102 SAL.

389 1160 428 1192 1.
468 1144 603 1194 TREs
648 1146 876 1209 epistolas
923 1157 1031 1195 tuas
1071 1149 1238 1210 accepi
1284 1149 1513 1212 postridie
1553 1149 1697 1207 Idus;
1753 1158 1887 1199 erant

317 1236 477 1276 autem
511 1243 614 1287 1111„
650 1244 734 1288 111.,
771 1230 925 1292 pridie
965 1230 1083 1279 Idus
1122 1231 1293 1292 datae;
1345 1232 1489 1295 igitur
1529 1233 1888 1295 antiquissimae

318 1310 490 1372 cuique
514 1310 724 1372 primum
746 1311 1085 1378 respondebo„
1143 1312 1408 1361 Adsentior
1431 1313 1529 1371 tibi,
1554 1321 1606 1361 ut
1628 1314 1680 1360 in
1702 1313 1890 1362 Formi-

317 1407 413 1440 ano
438 1392 743 1454 potissimum
768 1407 1052 1451 commorer,
1078 1393 1222 1442 etiam
1246 1394 1307 1442 de
1332 1409 1506 1458 supero
1541 1395 1676 1453 mari,
1699 1401 1890 1458 tempta-

318 1475 495 1536 boque‚
531 1481 584 1520 ut
620 1481 762 1522 antea
799 1474 862 1521 ad
897 1482 944 1522 te
980 1475 1163 1538 scripsi,
1201 1491 1475 1538 ecquonam
1517 1476 1667 1525 modo
1703 1478 1890 1539 possim

318 1556 561 1603 voluntate
607 1555 710 1603 eius
768 1555 949 1603 nullam
1006 1556 1075 1603 rei
1133 1557 1352 1619 publicae
1408 1566 1595 1619 partem
1643 1559 1891 1621 attingere.

321 1635 471 1694 Quod
515 1635 698 1694 laudas,
749 1637 863 1699 quia
909 1637 1126 1685 oblivisci
1171 1653 1251 1685 me
1299 1639 1466 1701 scripsi
1515 1647 1626 1686 ante
1671 1638 1798 1688 facta
1842 1648 1893 1688 et

321 1718 492 1765 delicta
537 1718 688 1765 nostri
723 1718 877 1776 amici,
926 1732 1022 1781 ego
1059 1734 1172 1766 vero
1219 1719 1284 1766 ita
1325 1718 1477 1767 facio:
1526 1720 1644 1783 quin
1680 1735 1738 1768 ea
1771 1721 1891 1783 ipsa,

321 1814 446 1861 quae
470 1815 499 1846 a
521 1806 568 1847 te
594 1807 1051 1858 commemorantur,
1078 1815 1217 1848 secus
1237 1801 1298 1847 ab
1322 1815 1382 1849 eo
1406 1801 1457 1848 in
1481 1817 1560 1849 me
1583 1802 1743 1863 ipsum
1767 1802 1893 1850 facta

322 1895 427 1928 esse
462 1895 564 1928 non
600 1881 798 1928 memini
813 1896 827 1939 ;
876 1888 1011 1928 tanto
1047 1881 1155 1943 plus
1192 1881 1324 1944 apud
1370 1897 1449 1930 me
1484 1883 1639 1930 valere
1674 1884 1890 1932 beneficii

322 1963 524 2023 gratiam
548 1977 695 2024 quam
718 1962 915 2010 iniuriae
941 1963 1161 2010 dolorem
1186 1963 1312 2011 volo.
1382 1963 1636 2012 Faciamus
1661 1964 1817 2026 igitur,
1841 1974 1895 2013 ut

323 2058 507 2101 censes,
533 2043 913 2105 colligamusque
945 2059 1067 2091 nos:
1104 2044 1355 2104 σοφιστεῦω
1387 2045 1532 2103 enim,
1558 2046 1699 2093 simul
1731 2054 1784 2094 ut
1814 2063 1894 2095 rus

325 2125 539 2182 decurro,
578 2133 720 2186 atque
767 2124 818 2171 in
854 2125 1060 2172 decursu
1095 2126 1236 2173 θέσεις
1270 2141 1405 2174 meas
1441 2127 1758 2174 commentari
1793 2143 1895 2176 non

325 2206 495 2254 desino
512 2221 525 2265 ;
565 2207 651 2254 sed
676 2213 787 2254 sunt
810 2206 1051 2268 quaedam
1077 2221 1244 2254 earum
1266 2207 1568 2268 perdifficiles
1592 2208 1655 2256 ad
1679 2209 1896 2258 iudican-

326 2289 458 2336 dum.
529 2287 606 2335 De
630 2288 942 2350 optimatibus
975 2288 1035 2335 sit
1067 2302 1183 2336 sane
1208 2288 1287 2345 ita,
1311 2296 1365 2335 ut
1398 2289 1482 2346 vis,
1510 2289 1598 2336 sed
1621 2291 1749 2338 nosti
1781 2291 1896 2339 illud

328 2374 550 2417 Διονύσιος
596 2371 641 2415 ἐν
686 2368 892 2432 Κορίνθῳ.
963 2368 1131 2416 Titinii
1174 2370 1300 2417 *filius
1349 2371 1479 2432 apud
1515 2369 1774 2420 Caesarem
1809 2383 1896 2422 est.

329 2451 479 2510 Quod
520 2458 680 2499 autem
718 2451 856 2514 quasi
895 2451 1047 2499 vereri
1091 2450 1265 2499 videris
1313 2466 1374 2499 ne
1414 2452 1530 2499 mihi
1578 2460 1660 2501 tua
1698 2444 1898 2503 consilia

331 2533 628 2595 displiceant,
653 2547 733 2580 me
762 2546 876 2580 vero
909 2531 1027 2580 nihil
1059 2532 1261 2580 delectat
1293 2532 1420 2580 aliud
1449 2533 1541 2581 nisi
1566 2535 1820 2583 consilium
1851 2544 1900 2584 et

330 2614 511 2662 litterae
535 2621 675 2673 tuae;
714 2629 810 2677 qua
842 2629 892 2662 re
917 2613 1084 2671 fac‚·ut
1107 2614 1322 2662 ostendis
1343 2629 1353 2661 :
1390 2629 1452 2662 ne
1478 2615 1710 2664 destiteris
1734 2617 1798 2665 ad
1820 2632 1900 2665 me

332 2695 561 2757 quicquid
606 2695 688 2742 tibi
736 2696 785 2742 in
832 2703 1047 2742 mentem
1094 2696 1275 2763 venerit
1323 2697 1560 2744 scribere:
1619 2697 1737 2745 mihi
1784 2698 1900 2746 nihil

333 2785 492 2839 potest
516 2792 619 2824 esse
643 2778 837 2838 gratius.
911 2793 954 2824 2.
990 2771 1150 2824 Venio
1175 2777 1236 2824 ad
1260 2777 1457 2825 alteram
1482 2792 1611 2826 nunc
1630 2779 1897 2841 epistolam.
