2040 3048
345 127 443 196 198
802 139 863 182 M.
903 139 1099 179 TULLII
1137 139 1450 179 CICERONIS
1698 129 1813 197 [Pars
1837 138 1910 179 ιν.

339 261 619 325 exprimitur
654 264 900 325 praeclaro
942 264 1022 312 illo
1063 263 1184 312 libro
1221 264 1536 324 Querelarum
1573 270 1790 321 tuarum;
1833 278 1911 312 ac-

338 346 465 393 cedit
525 346 657 408 quod
715 346 914 394 mirifice
972 347 1175 409 ingeniis
1235 347 1591 404 excellentibus,
1641 346 1781 409 quale
1839 354 1912 394 est

337 434 487 484 tuum,
537 426 797 474 delectatur
815 443 826 485 ;
890 436 1135 490 praeterea
1187 429 1314 477 cedit
1366 429 1629 476 multorum
1681 427 1814 475 iustis
1867 434 1915 474 et

338 508 498 556 officio
546 509 768 568 incensis,
816 525 917 558 non
965 511 1187 559 inanibus
1233 519 1314 558 aut
1365 509 1646 569 ambitiosis,
1694 509 1911 557 volunta-

337 590 477 648 tibus,
503 589 553 637 in
587 605 686 653 quo
711 589 1019 638 vehementer
1049 606 1162 639 eum
1195 592 1504 639 consentiens
1537 589 1727 638 Etruria
1751 605 1913 638 move-

337 671 418 718 bit.
504 688 549 732 9.
588 671 716 719 ‘Cur
766 671 885 719 haec
936 673 1079 734 igitur
1125 671 1281 721 adhuc
1334 688 1504 735 parum
1552 668 1912 735 profecerunt?'

339 751 469 811 Quia
504 768 606 800 non
641 760 776 815 putat
812 769 863 801 se
901 754 1133 802 sustinere
1170 769 1341 803 causas
1376 770 1522 817 posse
1565 753 1841 810 multorum,
1875 751 1915 799 si

338 835 436 893 tibi,
471 835 548 883 cui
580 835 747 883 iustius
783 835 967 883 videtur
999 836 1136 884 irasci
1170 851 1330 898 posse,
1365 836 1672 884 concesserit.
1742 835 1913 895 ‘Quae

338 924 410 963 est
453 916 623 979 igitur’
664 917 851 979 inquies
896 922 1036 979 ‘spes
1077 918 1140 964 ab
1181 917 1355 965 irato?'
1414 915 1607 965 Eodem
1633 933 1655 964 e
1685 917 1819 965 fonte
1861 932 1913 964 se

337 996 618 1044 hausturum
680 997 911 1060 intellegit
970 998 1136 1047 laudes
1199 1014 1323 1058 suas,
1384 1014 1411 1047 e
1473 1014 1571 1062 quo
1633 998 1694 1046 sit
1751 998 1915 1045 leviter

339 1093 577 1141 aspersus.
649 1077 902 1128 Postremo
940 1079 1091 1128 homo
1130 1080 1266 1128 valde
1305 1088 1376 1129 est
1414 1089 1582 1130 acutus
1624 1088 1670 1127 et
1710 1079 1914 1126 multum

338 1162 626 1224 providens;
685 1162 917 1224 intellegit
957 1171 1019 1220 te,
1062 1162 1311 1211 hominem
1352 1163 1402 1210 in
1444 1171 1576 1226 parte
1619 1162 1785 1211 Italiae
1826 1161 1914 1208 rni-

338 1244 467 1290 nime
514 1244 873 1291 contemnenda
919 1243 1055 1292 facile
1103 1245 1322 1292 omnium
1371 1245 1724 1293 nobilissimum
1772 1251 1819 1291 et
1864 1243 1915 1290 in

339 1325 588 1373 communi
626 1340 677 1373 re
714 1325 909 1388 publica
949 1326 1097 1374 cuivis
1139 1342 1439 1375 summorum
1479 1335 1590 1375 tuae
1632 1326 1798 1374 aetatis
1840 1325 1915 1373 vel

339 1407 534 1468 ingenio
569 1406 643 1453 vel
677 1407 829 1469 gratia
863 1407 937 1455 vel
971 1407 1101 1455 fama
1135 1409 1303 1471 populi
1340 1409 1553 1457 Romani
1595 1424 1775 1470 parem,
1814 1423 1914 1455 non

341 1503 484 1551 posse
526 1487 768 1551 prohiberi
805 1504 856 1536 re
898 1489 1091 1551 publica
1128 1489 1330 1550 diutius3
1379 1490 1510 1538 nolet
1551 1490 1646 1537 hoc
1684 1489 1915 1551 temporis

340 1571 500 1633 potius
559 1585 666 1618 esse
725 1570 984 1632 aliquando
1043 1571 1333 1619 beneficium
1392 1587 1538 1635 quam
1602 1572 1699 1618 iam
1760 1586 1914 1618 suum.

348 1668 421 1700 10.
457 1651 571 1699 Dixi
617 1651 677 1699 de
725 1652 961 1712 Caesare3
1020 1667 1151 1701 nunc
1200 1652 1357 1701 dicam
1406 1653 1466 1701 de
1524 1660 1800 1715 temporum
1846 1666 1916 1698 re-

342 1749 544 1796 rumque
577 1742 773 1782 natura:
811 1749 957 1782 nemo
990 1742 1062 1782 est
1094 1741 1192 1782 tam
1225 1735 1448 1782 inimicus
1481 1735 1524 1782 ei
1557 1749 1744 1791 causae,
1770 1748 1917 1795 quam

342 1817 605 1880 Pompeius
634 1817 872 1865 animatus
906 1817 1076 1865 melius
1110 1832 1256 1881 quam
1289 1825 1483 1880 paratus
1520 1823 1810 1878 susceperat,
1836 1815 1918 1877 qui

343 1913 434 1946 nos
479 1897 633 1945 malos
675 1898 802 1945 cives
846 1897 1004 1945 dicere
1045 1906 1128 1946 aut
1170 1897 1394 1946 homines
1440 1899 1691 1961 improbos
1730 1897 1917 1944 audeat.

343 1979 402 2027 In
433 1994 531 2042 quo
563 1979 786 2026 admirari
816 1979 948 2027 soleo
984 1979 1266 2042 gravitatem
1303 1988 1351 2028 et
1386 1980 1612 2027 iustitiam
1648 1987 1696 2026 et
1732 1978 1918 2040 sapien-

341 2061 456 2108 tiam
495 2060 745 2120 Caesaris;
798 2076 1066 2123 numquam
1107 2062 1198 2109 nisi
1245 2061 1729 2109 honorificentissime
1771 2060 1917 2108 Pom-

340 2142 502 2205 peium
549 2141 772 2204 appellat.
845 2142 939 2189 ‘At
985 2142 1034 2188 in
1082 2143 1184 2190 eius
1231 2158 1442 2204 persona
1488 2143 1637 2190 multa
1683 2142 1795 2189 fecit
1841 2157 1916 2189 as-

339 2221 529 2286 perius.’
599 2224 864 2271 Armorum
922 2224 1011 2271 ista
1070 2232 1117 2272 et
1175 2225 1399 2272 victoriae
1460 2232 1572 2272 sunt
1624 2223 1761 2281 facta,
1815 2238 1916 2270 non

339 2304 574 2354 Caesaris.
633 2306 700 2353 At
723 2319 815 2352 nos
841 2320 987 2367 quem
1012 2305 1075 2352 ad
1100 2305 1302 2353 modum
1328 2313 1400 2353 est
1425 2306 1738 2367 complexus!
1800 2305 1916 2353 Cas-

339 2388 464 2436 sium
512 2386 599 2435 sibi
641 2386 842 2448 legavit;
898 2385 1097 2432 Brutum
1141 2385 1326 2434 Galliae
1368 2386 1611 2448 praefecit,
1653 2385 1915 2448 Sulpicium

340 2468 603 2527 Graeciae3
669 2467 966 2525 Marcellum,
1019 2468 1095 2515 cui
1153 2468 1361 2515 maxime
1421 2469 1749 2525 succensebat,
1805 2483 1917 2515 cum

340 2565 529 2597 summa
583 2549 704 2597 illius
752 2549 982 2611 dignitate
1037 2549 1248 2596 restituit.
1329 2563 1401 2596 11.
1440 2548 1554 2607 Quo
1603 2549 1742 2610 igitur
1795 2549 1915 2597 haec

340 2631 589 2694 spectant?
664 2630 847 2678 Rerum
904 2630 998 2678 hoc
1050 2638 1219 2677 natura
1275 2638 1323 2677 et
1381 2630 1587 2677 civilium
1641 2638 1915 2692 temporum

339 2728 440 2761 non
486 2712 702 2775 patietur,
746 2727 836 2760 nec
883 2727 1086 2759 manens
1134 2726 1224 2759 nec
1266 2720 1449 2759 mutata
1495 2712 1614 2759 ratio
1663 2711 1779 2760 feret
1820 2713 1910 2775 pri-

340 2808 489 2852 murn,
537 2802 590 2841 ut
637 2809 737 2841 non
778 2794 827 2840 in
869 2808 1014 2841 causa
1055 2794 1158 2857 pari
1199 2793 1371 2841 eadem
1413 2793 1472 2840 sit
1513 2801 1560 2840 et
1602 2792 1825 2840 condicio
1863 2800 1915 2841 ‘et

2036 1765 2040 1774 ,
2034 1687 2040 1714 Δ..
2028 1505 2040 1674 nam-...k-
