2040 3048
105 140 174 192 cp.
200 123 290 198 34]
422 135 607 177 EPIST.
649 135 731 175 An
768 134 1135 175 FAMILIARES
1179 135 1302 174 vm.
1347 123 1394 174 8.
1613 135 1686 189 99

103 267 507 316 auctoritatem
544 263 826 329 perscribi
864 262 1015 311 etde
1057 277 1124 311 ea
1156 276 1214 310 re
1248 260 1317 309 ad
1352 259 1502 307 hunc
1538 258 1686 307 ordi-

104 365 229 398 nem
264 348 479 397 referri.
550 345 701 394 Huic
735 359 772 394 S.
808 360 849 394 c.
879 344 1214 392 intercessit
1254 341 1308 392 C.
1341 342 1588 399 CaeliuS,
1624 339 1687 391 C.

105 430 307 488 Pansa,
331 428 545 477 tribuni
570 428 641 491 pl.

172 516 218 562 8.
254 512 515 575 Itemque
554 510 778 559 senatui
813 509 1044 572 placere
1076 509 1134 557 in
1168 508 1428 556 Ciliciam
1466 504 1688 569 provin-

104 596 263 654 ciam,
304 595 361 642 in
401 608 507 642 vul
545 593 798 655 reliquas
846 593 1186 656 provinciaS‚
1223 605 1366 654 quas
1413 588 1689 653 praetorii

105 693 207 742 pro
247 684 512 740 praetore
555 675 899 732 obtinerent,
936 689 1049 733 eOS,
1087 673 1184 737 qui
1232 679 1534 735 praetores
1576 670 1688 719 fue-

103 768 233 809 runt
269 774 454 822 neque
493 758 548 806 in
589 757 946 821 provinciam
982 771 1108 805 cum
1152 756 1397 819 imperio
1440 754 1687 811 fuerunt,

104 855 247 906 quos
289 854 496 899 eorum,
535 853 603 887 ex
647 853 685 888 s.
724 853 766 888 c.
809 853 934 886 curn
975 838 1218 900 imperio
1260 837 1318 884 in
1363 835 1689 899 provincias

104 937 207 986 pro
239 930 514 985 praetore
554 921 704 969 mitti
742 926 1053 983 oporteret,
1089 934 1190 968 eos
1223 918 1433 967 sortito
1468 917 1526 965 in
1562 932 1690 979 pro-

105 1005 323 1053 vincias
380 1003 530 1053 mitti
588 1003 845 1067 placere;
910 1002 957 1051 si
1010 1017 1077 1050 ex
1125 1017 1192 1050 eo
1241 1015 1494 1059 numero,
1548 1015 1691 1062 quos

103 1102 175 1136 ex
220 1102 258 1137 s.
300 1102 341 1137 c.
389 1087 445 1135 in
495 1086 829 1149 provincias
882 1085 963 1133 ire
1016 1092 1333 1147 oporteret,
1385 1082 1454 1131 ad
1500 1097 1689 1129 nume-

106 1185 224 1217 rum
277 1184 392 1217 non
446 1175 653 1226 essent,
712 1167 808 1231 qui
863 1168 919 1214 in
975 1181 1072 1214 eas
1127 1165 1460 1229 provincias
1515 1163 1689 1226 profi-

106 1253 478 1309 ciscerentur,
510 1256 626 1297 tum
662 1250 744 1298 uti
781 1249 1056 1312 quodque
1097 1248 1410 1310 collegium
1446 1247 1689 1309 primum

105 1333 433 1396 praetorum
472 1330 682 1380 fuisset
729 1346 919 1393 neque
961 1331 1015 1378 in
1059 1329 1394 1392 provincias
1442 1327 1693 1390 profecti

105 1421 310 1471 essent,
346 1413 424 1461 ita
463 1420 618 1461 sorte
659 1413 716 1461 in
762 1412 1096 1476 provincias
1135 1410 1687 1474 proficiscerentur;

106 1497 151 1544 si
203 1495 242 1543 ii
300 1496 369 1544 ad
427 1510 723 1543 numerum
782 1510 900 1543 non
959 1501 1169 1551 essent,
1218 1500 1355 1540 tunc
1416 1492 1689 1555 deinceps

105 1578 350 1641 proximi
384 1578 663 1641 cuiusque
696 1576 945 1640 collegii,
976 1576 1074 1639 qui
1106 1582 1407 1638 praetores
1439 1573 1690 1622 fuissent

106 1677 290 1725 neque
336 1663 393 1710 in
440 1662 772 1725 provincias
819 1659 1067 1724 profecti
1114 1666 1324 1715 essent,
1372 1657 1428 1704 in
1476 1665 1689 1705 sortem

105 1744 552 1802 coniicerentur,
594 1743 783 1806 quoad
824 1743 872 1791 is
913 1756 1184 1789 numerus
1226 1740 1474 1788 effectus
1522 1746 1688 1796 esset,

105 1841 270 1889 quem
294 1826 362 1874 ad
394 1840 689 1873 numerum
721 1825 778 1872 in
808 1824 1142 1889 provincias
1173 1824 1322 1870 mitti
1355 1829 1687 1884 oporteret;

106 1908 153 1956 si
183 1908 311 1970 quis
342 1907 473 1955 huic
495 1922 532 1956 s.
557 1922 600 1956 c.
627 1906 1075 1965 intercessisset,
1102 1906 1423 1953 auctoritas
1448 1904 1689 1966 perscri-

106 1991 343 2038 beretur.
430 1989 581 2037 Huic
635 2003 672 2038 s.
727 2003 770 2038 c.
829 1988 1162 2036 intercessit
1218 1986 1275 2036 C.
1326 1986 1573 2044 Caelius,
1631 1985 1688 2037 C.

106 2071 304 2130 Pansa,
325 2073 539 2120 tribuni
562 2072 635 2134 pl.

176 2170 221 2217 9.
257 2154 344 2202 Illa
379 2162 628 2217 praeterea
660 2153 751 2202 Cn.
778 2153 998 2217 Pompeii
1035 2163 1148 2202 sunt
1183 2153 1531 2212 animadversa,
1565 2168 1689 2216 quae

106 2237 316 2285 maxime
353 2236 696 2284 confidentiam
732 2236 987 2284 attulerunt
1020 2235 1311 2294 hominibus,
1343 2243 1395 2282 ut
1426 2235 1603 2282 diceret
1637 2250 1689 2282 se

107 2328 217 2369 ante
260 2318 369 2367 Kal.
410 2317 610 2366 Martias
652 2322 754 2367 non
793 2332 940 2381 posse
983 2319 1086 2366 sine
1122 2318 1292 2366 iniuria
1328 2318 1388 2365 de
1429 2317 1690 2379 provinciis

109 2400 327 2450 Caesaris
359 2408 581 2459 statuere,
607 2409 720 2463 post
752 2399 861 2448 Kal.
892 2400 1093 2448 Martias
1126 2414 1179 2448 se
1212 2414 1314 2448 non
1348 2400 1687 2448 dubitaturum.

108 2481 235 2531 Cum
269 2482 654 2544 interrogaretur,
692 2483 731 2532 si
766 2484 849 2546 qui
890 2491 993 2530 tum
1035 2482 1398 2539 intercederent,
1437 2482 1555 2530 dixit
1595 2481 1689 2530 hoc

106 2564 222 2614 nihil
269 2563 514 2633 interesse,
555 2573 714 2612 utrum
756 2563 811 2614 C.
849 2564 1029 2613 Caesar
1078 2564 1263 2612 senatui
1312 2564 1441 2611 dicto
1489 2563 1689 2611 audiens

108 2646 292 2694 futurus
344 2660 447 2693 non
498 2655 624 2694 esset
678 2662 742 2695 an
794 2654 982 2709 pararet
1029 2646 1111 2708 qui
1159 2653 1382 2693 senatum
1430 2645 1689 2695 decernere

108 2743 210 2776 non
251 2735 503 2790 pateretur.
576 2732 587 2753 ‘
608 2728 754 2787 Quid,
795 2729 855 2777 si'
898 2729 1053 2791 inquit
1094 2728 1213 2776 alius
1258 2731 1338 2775 ‘et
1376 2729 1545 2776 consul
1582 2745 1689 2778 esse

108 2818 156 2858 et
201 2809 462 2856 exercitum
507 2808 684 2857 habere
732 2809 912 2858 volet?’
982 2811 1050 2858 At
1095 2809 1171 2857 ille
1214 2824 1360 2873 quam
1402 2810 1686 2859 clementer:

851 2907 886 2939 H
913 2907 938 2939 2
