2040 3048
283 98 344 151 72
730 94 789 133 M.
838 94 1035 132 TULLII
1072 94 1383 134 CICERONIS
1661 86 1772 154 [Pars
1799 97 1851 138 11.

276 221 507 270 ethomo
546 218 862 282 pererudituS,
898 224 951 265 ut
986 217 1133 277 aiunt,
1170 226 1217 266 et
1254 234 1384 267 nunc
1423 219 1620 281 quidem
1663 219 1852 268 deditus

280 302 480 351 Graecis
517 300 681 348 litteris
707 298 970 347 Pituanius.
1041 298 1151 357 Sed,
1178 300 1217 347 si
1245 300 1314 348 vis
1353 300 1500 348 homo
1537 316 1656 359 esse,
1693 302 1851 363 recipe

277 393 322 432 te
359 384 422 431 ad
457 397 564 441 noS,
590 381 652 430 ad
677 380 811 445 quod
836 389 1027 443 tempus
1065 381 1359 430 confirmasti
1373 397 1386 441 ;
1425 397 1536 429 cum
1561 382 1650 430 illis
1675 390 1851 441 tamen,

280 481 391 514 cum
434 464 548 512 salvi
585 463 815 521 venerint,
853 461 1046 511 Romae
1086 463 1241 511 vivere
1283 464 1455 512 licebit.
1530 481 1573 526 3.
1609 465 1765 513 Avere
1806 471 1852 513 te

280 546 446 595 scribis
483 545 701 608 accipere
735 544 914 609 aliquid
939 559 968 592 a
1002 560 1080 592 me
1117 545 1404 594 litterarum:
1441 546 1566 604 dedi,
1603 562 1660 596 ac
1692 547 1852 595 multis

282 628 479 691 quidem
518 627 578 675 de
614 626 772 684 rebus,
798 627 1083 687 ἡμερολεγδὸν
1117 628 1380 690 perscripta
1414 628 1605 687 omnia3
1644 629 1745 687 sed,
1781 624 1852 695 [ut

279 704 522 774 coniicio,]
564 707 795 771 quoniam
831 706 948 754 mihi
983 722 1085 756 non
1120 708 1292 756 videris
1329 709 1377 755 in
1401 708 1550 772 Epiro
1587 709 1667 757 diu
1692 709 1851 768 fuisse,

279 790 488 838 redditas
522 789 607 838 tibi
643 805 745 838 non
777 789 990 837 arbitror.
1061 788 1231 838 Genus
1264 798 1426 838 autem
1461 806 1677 838 mearum
1712 791 1775 839 ad
1807 799 1853 839 te

279 871 474 934 quidem
523 871 784 918 litterarum
841 870 945 918 eius
1003 871 1137 918 modi
1184 870 1281 919 fere
1329 879 1414 929 est,
1462 880 1514 919 ut
1559 887 1661 920 non
1707 872 1853 920 libeat

279 952 505 1014 cuiquam
532 952 659 1010 dare,
685 951 774 999 nisi
800 952 860 999 de
885 966 985 1013 quo
1013 952 1317 1014 exploratum
1353 952 1412 1000 sit
1436 953 1520 1000 tibi
1553 968 1665 1000 eum
1696 954 1853 1002 reddi-

280 1043 452 1080 turum.
526 1050 569 1092 4.
608 1032 756 1082 Nunc
781 1033 1031 1081 Romanas
1067 1048 1142 1081 res
1179 1033 1371 1095 accipe:
1415 1048 1458 1081 a.
1492 1033 1539 1081 d.
1574 1049 1642 1083 111.
1682 1034 1853 1083 Nonas

281 1113 549 1172 Quinctiles
577 1114 781 1163 Sufenas
814 1123 861 1168 et
885 1113 1009 1163 Cato
1046 1114 1265 1173 absoluti,
1291 1114 1522 1163 Procilius
1557 1116 1852 1164 condemna-

279 1202 355 1243 tus
370 1211 383 1255 3
445 1211 506 1245 ex
555 1211 654 1259 quo
703 1196 999 1245 intellectum
1046 1204 1119 1244 est
1163 1198 1559 1258 τρισαρειοπαγίτας
1604 1198 1852 1256 ambitum,

281 1277 490 1336 comitia,
538 1278 879 1341 interregnum,
928 1278 1244 1336 maiestatem,
1293 1285 1446 1326 totam
1493 1278 1701 1342 denique
1752 1295 1855 1327 rem

278 1359 524 1421 publicam
568 1360 710 1408 flocci
751 1375 852 1408 non
893 1359 1064 1408 facere.
1135 1358 1386 1407 Debemus
1426 1369 1613 1422 patrem
1652 1360 1854 1409 familias

282 1439 416 1488 domi
441 1456 557 1490 suae
582 1442 804 1490 occidere
828 1442 969 1500 nolle,
998 1456 1155 1504 neque
1179 1448 1342 1488 tamen
1363 1440 1416 1488 id
1438 1441 1600 1504 ipsum
1629 1443 1821 1491 abunde
1840 1459 1853 1502 3

282 1536 397 1570 nam
423 1523 728 1572 absolverunt
747 1539 875 1583 xxa,
897 1523 1283 1571 condemnarunt
1301 1538 1463 1571 xxvm.
1518 1523 1714 1572 Publius
1739 1540 1856 1573 sane

283 1603 461 1653 diserto
498 1604 693 1668 epilogo
735 1605 995 1653 criminans
1035 1613 1225 1653 mentes
1263 1604 1475 1653 iudicum
1512 1614 1853 1654 commoverat.

283 1684 517 1734 Hortalus
540 1686 590 1733 in
615 1701 673 1734 ea
696 1701 842 1735 causa
865 1686 965 1745 fuit,
991 1688 1125 1735 cuius
1161 1687 1295 1734 modi
1319 1687 1455 1735 solet.
1526 1686 1632 1735 Nos
1657 1688 1856 1735 verbum

282 1767 479 1815 nullum.
557 1766 724 1816 Verita
759 1775 831 1816 est
867 1768 995 1816 enirn
1034 1769 1219 1831 pusilla,
1246 1785 1370 1831 quae
1406 1784 1537 1817 nunc
1571 1769 1769 1826 laborat,
1795 1784 1855 1815 ne

282 1849 497 1896 animum
533 1848 690 1897 Publii
726 1848 1040 1897 offenderem.
1114 1862 1158 1911 5.
1195 1850 1290 1899 His
1325 1852 1468 1899 rebus
1509 1851 1628 1899 actis
1666 1850 1856 1898 Reatini

282 1945 360 1977 me
391 1930 453 1978 ad
489 1945 576 1978 sua
598 1931 740 1990 Τέμπη
767 1931 1017 1989 duxerunt,
1044 1939 1096 1978 ut
1120 1947 1314 1994 agerem
1351 1947 1548 1980 causam
1584 1940 1753 1980 contra
1777 1932 1855 1979 In-

283 2019 572 2059 teramnates
608 2011 740 2073 apud
773 2012 1022 2060 consulem
1058 2021 1105 2061 et
1138 2014 1308 2061 decem
1332 2014 1532 2075 legatos,
1559 2014 1692 2076 quod
1724 2014 1855 2062 lacus

282 2093 498 2152 Velinus,
539 2109 569 2142 a
604 2092 690 2142 Μ’.
731 2093 880 2142 Curio
922 2095 1140 2153 emissus,
1177 2096 1402 2143 interciso
1441 2104 1623 2153 monte,
1663 2096 1712 2143 in
1754 2095 1856 2143 Nar

283 2174 474 2234 defluit;
512 2190 573 2223 ex
597 2190 695 2237 quo
733 2182 805 2223 est
833 2175 912 2223 illa
948 2175 1126 2223 siccata
1158 2184 1208 2224 et
1231 2167 1431 2223 humida
1466 2186 1629 2224 tamen
1663 2178 1854 2225 modice

284 2255 447 2303 Rosia.
523 2254 638 2303 Vixi
673 2271 784 2304 cum
808 2256 950 2314 Axio,
977 2257 1058 2319 qui
1089 2257 1232 2305 etiam
1267 2273 1347 2305 me
1384 2258 1446 2306 ad
1472 2257 1669 2321 Septem
1705 2273 1856 2322 aquas

282 2336 432 2384 duxit.
505 2337 549 2384 6.
588 2336 730 2384 Redii
773 2336 987 2384 Romam
1029 2336 1218 2385 Fonteii
1266 2353 1413 2386 causa
1459 2355 1500 2387 a.
1528 2339 1574 2386 d.
1614 2354 1696 2387 vn.
1739 2338 1855 2387 Idus

284 2417 480 2478 Quinct.
550 2416 678 2465 Veni
702 2418 752 2465 in
778 2419 1120 2480 spectaculum,
1145 2419 1354 2482 primum
1386 2435 1568 2482 magno
1601 2429 1648 2469 et
1679 2436 1855 2484 aequa-

283 2499 364 2546 bili
423 2499 752 2562 plausu÷sed
793 2499 904 2552 ,hoc
963 2515 1025 2547 ne
1085 2501 1263 2553 curaris
1280 2516 1294 2559 ς
1357 2517 1451 2564 ego
1509 2502 1714 2565 ineptus,
1774 2504 1855 2566 qui

283 2581 652 2643 scripserim—3
707 2581 880 2630 deinde
917 2581 1207 2644 Antiphonti
1253 2597 1478 2645 operam:
1530 2584 1570 2631 is
1604 2592 1704 2632 erat
1746 2593 1855 2632 ante

284 2661 611 2709 manumissus
649 2676 797 2723 quam
833 2661 1109 2723 productus.
1182 2660 1258 2708 Ne
1296 2662 1470 2709 diutius
1503 2661 1730 2724 pendeas,
1755 2663 1855 2725 pal-

286 2757 416 2789 mam
456 2742 584 2801 tulit3
624 2743 709 2790 sed
745 2743 862 2790 nihil
897 2750 996 2790 tam
1031 2742 1271 2805 pusillum,
1298 2742 1414 2790 nihil
1450 2751 1549 2791 tam
1584 2744 1687 2792 sine
1722 2758 1854 2803 voce,
