2040 3048
285 113 385 169 134
504 160 505 163 Ἴ
744 110 807 150 M.
853 109 1051 149 TULLII
1087 110 1254 150 ercER
1262 110 1397 150 oms
1635 99 1749 170 [Pars
1771 110 1850 155 111.

279 257 381 290 non
405 242 619 305 potuisti,
645 257 744 304 quo
774 256 868 303 ego
901 241 1113 290 maxime
1147 256 1346 304 operam
1378 249 1426 289 et
1461 240 1736 289 fidelitatem
1769 241 1850 290 de-

280 323 480 371 sideravi
517 331 665 382 tuam,
691 338 807 371 cave
842 323 1042 371 festines
1076 331 1159 372 aut
1195 319 1482 380 committaS,
1506 330 1559 369 ut
1594 331 1675 370 aut
1708 339 1853 387 aeger

273 412 359 453 aaut
394 404 553 452 hieme
588 405 816 467 naviges:
852 419 1119 467 numquam
1155 419 1262 452 sero
1296 412 1343 452 te
1374 404 1559 452 venisse
1595 406 1790 466 putab0‚
1812 406 1850 454 si

278 486 433 534 salvus
458 486 661 534 veneris,
732 485 909 534 Adhuc
944 485 1189 534 neminem
1225 486 1452 543 videram,
1483 485 1565 548 qui
1599 492 1647 534 te
1681 494 1852 549 postea

277 566 470 615 vidisset
512 582 658 629 quam
694 566 766 616 M.
801 566 1046 626 VolusiuS,
1087 582 1118 615 a
1158 582 1256 630 quo
1295 575 1402 616 tuas
1439 567 1618 615 litteras
1658 570 1850 631 accepi:

277 648 412 710 quod
436 663 536 696 non
560 648 769 696 mirabar
784 665 798 708 ;
835 663 994 711 neque
1019 649 1148 696 enim
1177 664 1312 697 meas
1346 657 1462 712 puto
1496 649 1559 697 ad
1593 657 1640 697 te
1674 649 1852 698 litteras

276 737 410 778 tanta
449 728 607 778 hieme
643 729 856 793 perferri.
929 729 1026 778 Sed
1068 730 1130 778 da
1167 745 1382 793 operam,
1421 739 1473 778 ut
1513 730 1671 778 valeas
1708 738 1770 788 et,
1812 731 1852 779 si

277 810 470 869 valebis,
496 826 608 859 cum
644 819 772 859 recte
807 811 1018 873 navigari
1048 812 1236 873 poterit,
1262 821 1364 860 tum
1399 813 1609 874 naviges.
1681 811 1852 860 Cicero

276 908 414 940 meus
438 892 487 939 in
510 891 772 940 Formiano
798 900 911 949 erat,
933 891 1162 939 Terentia
1185 902 1233 941 et
1251 893 1412 941 Tullia
1431 893 1638 942 Romae.
1708 891 1852 950 Cura,

277 981 328 1020 ut
352 973 524 1021 valeas,
594 989 680 1022 1111.
716 972 780 1022 K.
816 973 1042 1022 Februar.
1080 972 1264 1036 Capua.

571 1134 650 1180 53.
719 1131 815 1181 AD
851 1132 1275 1182 FAMILIARES
1312 1133 1448 1183 XVI.
1491 1144 1567 1195 15.

813 1227 924 1277 ScR.
952 1243 1079 1277 ANNo
1110 1244 1333 1278 INCERTO.

785 1331 992 1365 'sumus
1038 1332 1205 1366 TIRONI
1252 1333 1354 1366 SAL.

351 1427 390 1460 1.
427 1412 662 1461 AEGYPTA
697 1412 760 1460 ad
795 1428 875 1460 me
911 1413 1038 1460 venit
1073 1428 1144 1475 pr.
1182 1413 1298 1462 Idus
1332 1413 1449 1476 Apr.
1522 1413 1574 1462 Is
1611 1414 1699 1462 etsi
1736 1414 1853 1461 mihi

279 1494 512 1542 nuntiavit
557 1501 604 1541 te
651 1486 795 1557 plane
837 1493 957 1541 febri
998 1508 1159 1541 carere
1201 1502 1248 1542 et
1289 1494 1411 1542 belle
1448 1494 1640 1553 habere,
1676 1503 1851 1552 tamen,

276 1574 411 1635 quod
457 1575 650 1637 negavit
696 1582 743 1622 te
784 1575 1000 1638 potuisse
1048 1575 1110 1624 ad
1151 1591 1231 1623 me
1270 1576 1494 1635 scribere,
1533 1591 1698 1624 curam
1737 1576 1854 1623 mihi

276 1655 441 1713 attulit,
467 1663 515 1703 et
538 1671 598 1704 eo
615 1657 795 1719 magis,
816 1656 950 1719 quod
974 1655 1191 1714 Hermia,
1217 1668 1363 1719 quem
1388 1658 1564 1705 eodem
1591 1658 1668 1705 die
1693 1657 1853 1704 venire

275 1745 567 1800 oportuerat,
592 1752 695 1786 non
729 1744 938 1786 venerat.
1009 1736 1283 1785 Incredibili
1314 1753 1422 1785 sum
1448 1738 1766 1786 sollicitudine
1793 1739 1854 1786 de

275 1827 357 1866 tua
395 1819 680 1878 valetudine,
719 1834 815 1883 qua
856 1819 895 1867 si
936 1834 1016 1867 me
1058 1819 1286 1877 liberaris,
1330 1834 1424 1882 ego
1467 1827 1514 1867 te
1561 1820 1694 1868 omni
1742 1835 1855 1868 cura

276 1900 502 1949 liberabo,
572 1899 715 1949 Plura
761 1901 1036 1959 scriberem,
1076 1902 1116 1948 si
1152 1901 1249 1948 iam
1290 1909 1510 1963 putarem
1552 1901 1771 1949 lubenter
1808 1909 1854 1948 te

275 1980 434 2042 legere
470 1996 630 2043 posse.
703 1981 961 2045 Ingenium
997 1989 1146 2039 tuum,
1181 1982 1315 2044 quod
1351 1997 1446 2044 ego
1482 1983 1679 2030 maximi
1715 1982 1852 2040 facio,

277 2062 442 2110 confer
466 2063 527 2110 ad
551 2070 598 2110 te
631 2062 749 2110 mihi
783 2063 964 2125 tibique
996 2062 1398 2110 conservandum.
1470 2062 1600 2110 Cura
1632 2071 1678 2110 te
1712 2063 1852 2110 etiam

277 2152 421 2205 atque
447 2143 592 2191 etiam
618 2143 883 2205 diligenter.
955 2142 1091 2190 Vale.

347 2241 390 2273 2.
430 2225 618 2289 Scripta
654 2225 751 2273 iam
791 2225 997 2289 epistola
1035 2224 1239 2272 Hermia
1279 2225 1420 2272 venit.
1492 2225 1676 2288 Accepi
1721 2233 1851 2273 tuam

277 2308 531 2371 epistolam
573 2307 901 2356 vacillantibus
947 2306 1178 2363 litterulis,
1217 2321 1308 2354 nec
1349 2306 1541 2364 mirum,
1582 2315 1682 2354 tam
1721 2308 1854 2369 gravi

277 2390 467 2438 morbo,
537 2387 647 2452 Ego
672 2389 735 2437 ad
758 2396 805 2437 te
831 2389 1106 2451 Aegyptam
1131 2387 1253 2444 misi,
1280 2387 1416 2449 quod
1442 2402 1532 2434 nec
1565 2387 1854 2437 inhumanus

279 2480 351 2519 est
376 2478 424 2519 et
447 2478 494 2518 te
518 2471 646 2519 visus
671 2478 750 2519 est·
766 2470 884 2517 mihi
913 2469 1123 2530 diligere,
1149 2476 1201 2515 ut
1231 2467 1271 2515 is
1304 2475 1465 2516 tecum
1498 2476 1639 2526 esset,
1665 2476 1711 2516 et
1743 2484 1853 2517 cum

282 2568 341 2600 eo
368 2568 594 2614 coquum,
621 2567 719 2615 quo
744 2560 943 2600 uterere.
1011 2549 1145 2598 Vale.
