2040 3048
283 117 386 172 206
735 127 799 167 M.
845 126 1044 166 TULLII
1081 126 1394 167 CICERONIS
1649 116 1757 185 [Pars
1783 128 1853 167 ιν.

280 256 500 305 Caesaris
525 264 624 304 tam
651 270 815 303 severa
839 255 992 313 fuerit,
1020 255 1101 317 qui
1127 262 1228 302 tum
1253 256 1495 317 praetorio
1526 255 1637 303 loco
1671 255 1856 315 dixerit,

281 337 601 387 consularium
641 342 775 398 putat
810 334 1016 383 leniores
1053 335 1216 394 fuisse,
1242 335 1412 391 Catuli,
1449 336 1646 395 Servilii,
1681 334 1852 383 Lucul-

279 421 448 477 lorum,
484 418 724 476 Curionis,
753 416 1006 479 Torquati,
1042 416 1227 480 Lepidi,
1256 417 1412 476 Gellii,
1440 417 1660 476 Volcatii,
1686 417 1854 479 Figuli,

282 501 470 558 Cottae,
497 498 552 547 L.
579 499 816 557 Caesaris,
852 499 907 547 C.
936 499 1139 558 Pisonis,
1174 500 1316 547 etiam
1356 499 1440 547 Μ’.
1466 499 1757 557 Glabrionis,
1784 498 1855 547 Si·

281 582 390 641 lani,
419 580 667 640 Murenae,
695 581 1056 644 designatorum
1089 581 1356 630 consulum.
1418 580 1513 628 Cur
1537 595 1653 641 ergo
1673 581 1723 629 in
1747 596 1855 629 sen-

281 665 480 715 tentiam
505 663 741 713 Catonis?
812 662 942 721 Quia
966 663 1123 711 verbis
1148 663 1539 712 luculentioribus
1564 672 1610 713 et
1643 664 1857 727 pluribus

281 763 383 799 rem
408 747 614 796 eandem
640 745 1088 809 comprehenderat.
1150 745 1233 793 Me
1254 754 1414 794 autem
1433 746 1511 794 hic
1530 746 1706 804 laudat,
1723 744 1858 808 quod

281 830 555 887 rettulerim,
593 843 695 877 non
730 828 865 891 quod
901 827 1223 890 patefecerim,
1262 828 1541 876 cohortatus
1583 828 1688 886 sim,
1725 826 1859 891 quod

282 912 490 976 denique
529 919 652 968 ante,
680 925 827 972 quam
864 909 1183 968 consulerem,
1219 910 1323 972 ipse
1359 910 1697 958 iudicaverim:
1734 924 1859 971 quae

282 994 461 1052 omnia,
499 992 611 1055 quia
648 990 774 1040 Cato
810 977 1032 1041 laudibus
1068 992 1302 1039 extulerat
1336 992 1386 1038 in
1429 991 1616 1039 caelum
1658 991 1857 1053 perscri-

282 1076 538 1137 bendaque
573 1081 838 1131 censuerat,
865 1072 1043 1122 idcirco
1080 1074 1129 1121 in
1165 1073 1267 1121 eius
1305 1074 1592 1122 sententiam
1627 1081 1700 1121 est
1734 1072 1859 1121 facta

283 1157 527 1207 discessio.
604 1155 700 1203 Hic
749 1163 910 1203 autem
958 1169 1010 1203 se
1057 1155 1203 1203 etiam
1246 1155 1451 1202 tribuere
1493 1155 1700 1203 multum
1740 1153 1858 1202 mihi

283 1246 431 1303 putat,
470 1238 604 1302 quod
646 1237 889 1299 scripserit
925 1239 936 1261 ‘
954 1236 1191 1298 optimum
1228 1236 1507 1286 consulem.'
1569 1236 1692 1295 Quis
1728 1236 1859 1284 enim

283 1320 487 1368 ieiunius
525 1319 642 1367 dixit
684 1318 939 1366 inimicus?
1010 1317 1090 1367 Ad
1132 1325 1291 1365 cetera
1331 1333 1444 1366 vero
1487 1318 1572 1369 tibi
1612 1332 1758 1381 quem
1797 1317 1859 1364 ad

282 1401 485 1450 modum
522 1400 786 1462 rescripsit!
825 1407 1010 1447 tantum
1045 1406 1197 1461 rogat,
1225 1398 1285 1447 de
1322 1407 1514 1448 senatus
1551 1399 1774 1448 consulto
1809 1407 1860 1448 ut

284 1484 512 1546 corrigas.
585 1482 698 1530 Hoc
724 1480 920 1544 quidem
946 1480 1150 1539 fecisset,
1176 1480 1320 1528 etiam
1355 1482 1394 1529 si
1419 1483 1453 1539 †
1478 1482 1603 1529 rario
1635 1481 1856 1529 admoni-

283 1574 359 1614 tus
395 1573 534 1614 esset.
610 1580 651 1611 2.
693 1563 790 1611 Sed
825 1563 944 1613 haec
981 1563 1151 1611 iterum
1187 1563 1291 1624 ipse
1327 1563 1508 1611 viderit.
1581 1562 1657 1615 De
1692 1562 1856 1620 hortiS‚

282 1647 514 1711 quoniam
550 1646 743 1708 probas,
769 1644 905 1693 effice
938 1644 1148 1707 aliquid:
1183 1644 1393 1692 rationes
1426 1659 1560 1692 meas
1594 1644 1734 1693 nosti.
1808 1644 1859 1693 Si

283 1744 395 1777 vero
429 1728 574 1776 etiam
607 1743 636 1775 a
667 1726 872 1775 Faberio
900 1727 934 1784 †
959 1725 1138 1788 aliquid
1171 1725 1363 1783 recedit,
1390 1725 1506 1772 nihil
1542 1725 1725 1787 negotii
1759 1733 1856 1785 est;

284 1811 371 1860 sed
411 1811 556 1859 etiam
605 1809 707 1856 sine
755 1823 816 1856 eo
863 1821 1011 1870 posse
1058 1806 1223 1855 videor
1270 1806 1576 1856 contendere.
1651 1806 1859 1856 Venales

284 1901 410 1942 certe
438 1899 550 1940 sunt
574 1890 735 1948 Drusi,
763 1889 964 1937 fortasse
989 1889 1133 1936 etiam
1159 1888 1380 1936 Lamiani
1406 1895 1454 1937 et
1488 1888 1735 1936 Cassiani:
1773 1888 1859 1936 sed

279 1990 464 2024 coram.
539 1990 582 2035 3.
608 1971 684 2020 De
704 1970 933 2020 Terentia
956 1985 1055 2018 non
1081 1985 1282 2033 possum
1307 1971 1613 2019 commodius
1637 1970 1856 2028 scribere,

284 2071 432 2119 quam
457 2063 509 2102 tu
534 2053 701 2104 scribis
721 2068 731 2101 :
756 2052 969 2101 officium
995 2051 1053 2100 sit
1078 2052 1219 2100 nobis
1244 2052 1659 2115 antiquissimum3
1686 2051 1726 2099 si
1743 2052 1858 2116 quid

283 2152 375 2186 nos
419 2135 646 2193 fefellerit,
684 2134 805 2182 illius
851 2133 981 2181 malo
1022 2147 1101 2180 me
1149 2148 1296 2195 quam
1342 2133 1438 2181 mei
1484 2133 1738 2197 paenitere.
1811 2149 1855 2192 4.

285 2219 437 2268 Oviae
471 2217 527 2266 C.
547 2216 687 2265 Lollii
720 2215 934 2264 curanda
967 2221 1078 2263 sunt
1116 2213 1219 2262 HS.
1245 2229 1285 2262 e.
1357 2213 1518 2275 Negat
1552 2213 1678 2261 Eros
1713 2228 1858 2276 posse

287 2301 388 2349 sine
421 2315 513 2358 me,
539 2299 700 2356 credo,
726 2297 859 2361 quod
884 2295 1166 2359 accipienda
1189 2295 1349 2357 aliqua
1373 2295 1432 2342 sit
1455 2302 1501 2342 et
1526 2294 1685 2342 danda
1718 2296 1857 2343 aesti-

286 2382 446 2430 mati0.
516 2380 704 2428 Vellem
750 2378 838 2426 tibi
884 2377 1111 2425 dixisset:
1154 2377 1193 2424 si
1235 2376 1364 2423 enim
1407 2390 1482 2423 res
1525 2384 1612 2433 est,
1649 2383 1701 2423 ut
1741 2375 1858 2423 mihi

288 2463 463 2521 scribit,
501 2469 667 2524 parata
708 2475 799 2508 nec
842 2460 892 2506 in
932 2473 992 2506 eo
1033 2459 1141 2522 ipso
1183 2458 1422 2517 mentitur,
1459 2472 1544 2520 per
1589 2464 1637 2505 te
1684 2457 1859 2505 confici

287 2545 468 2607 potuit;
506 2544 555 2591 id
580 2556 853 2605 cognoscas
879 2548 926 2588 et
950 2538 1177 2587 conficias
1201 2539 1357 2587 velim.
1431 2550 1474 2599 5.
1514 2537 1663 2596 Quod
1695 2553 1774 2585 me
1808 2539 1857 2586 in

288 2626 445 2673 forum
469 2639 628 2680 vocas,
650 2638 709 2670 eo
729 2637 889 2679 vocaS,
905 2621 1034 2669 unde
1060 2621 1203 2668 etiam
1226 2621 1368 2668 bonis
1393 2619 1514 2667 meis
1538 2619 1682 2666 rebus
1705 2618 1857 2682 fugie-

288 2708 428 2765 bam3
466 2705 582 2767 quid
607 2704 737 2751 enim
771 2703 887 2751 mihi
920 2717 1031 2749 cum
1064 2700 1186 2758 foro,
1214 2701 1316 2749 sine
1348 2700 1546 2758 iudiciis,
1574 2700 1677 2747 sine
1713 2701 1856 2758 curia,

290 2787 338 2835 in
363 2787 531 2835 oculos
556 2784 904 2834 incurrentibus
931 2784 999 2841 iis,
1028 2797 1150 2847 quos
1177 2796 1334 2845 aequo
1364 2781 1530 2829 animo
1565 2779 1723 2828 videre
1756 2794 1857 2828 non
