2040 3048
174 153 246 205 Ep.
271 158 335 204 74,
360 140 452 210 75·]
516 149 702 189 EPIST.
746 147 827 187 AD
865 146 1233 187 FAMILIARES
1271 148 1392 186 XIV.
1436 147 1481 202 7.
1655 147 1755 205 173

175 277 372 339 negotio
416 276 584 339 potuit,
623 283 682 334 et,
721 274 760 322 si
802 274 1051 331 tenuisset,
1088 286 1261 321 omnes
1301 271 1418 320 boni
1457 270 1518 319 ad
1555 286 1668 319 eum
1704 286 1755 318 se

178 358 508 416 contulissent,
547 356 793 420 Syracusis
830 355 1078 418 profectus
1115 362 1187 403 est
1224 362 1335 402 ante
1380 354 1508 402 diem
1554 369 1654 402 vm.
1693 352 1755 402 K.

178 440 312 498 Mai„
330 448 382 487 ut
407 439 469 488 ad
492 454 571 487 me
597 436 745 486 Curio
773 437 974 500 scripsit.
1046 435 1262 494 Utinam,
1282 436 1417 499 quod
1442 436 1586 495 aiunt,
1615 435 1758 485 Cotta

181 521 452 569 Sardiniam
475 521 663 568 teneat!
698 526 769 566 est
793 519 924 565 enim
948 532 1126 565 rumor.
1182 515 1242 575 O,
1261 517 1300 564 si
1325 517 1373 564 id
1398 516 1551 576 fuerit,
1567 526 1758 581 turpem

181 602 421 651 Catonem
441 605 451 651 l
480 627 483 630 ·
513 618 556 662 4.
590 601 715 665 Ego,
735 609 787 648 ut
811 600 1082 647 minuerem
1106 599 1424 662 suspitionem
1448 599 1760 662 profectionis

181 694 262 734 aut
288 684 594 748 cogitationis
619 698 769 742 meae,
789 682 1033 746 profectus
1059 697 1166 730 sum
1191 682 1241 728 in
1266 680 1624 744 Pompeianum
1649 698 1692 730 a.
1714 683 1758 731 d.

181 784 267 816 1111.
305 767 437 826 Idus,
474 775 527 814 ut
561 766 626 813 ibi
662 780 835 822 essem,
868 764 985 812 dum
1022 779 1146 826 quae
1184 762 1246 810 ad
1276 764 1604 826 navigandum
1636 780 1761 828 opus

181 857 344 898 essent
379 856 676 912 pararentur.
748 846 875 896 Cum
907 846 970 894 ad
995 845 1154 893 villam
1179 845 1435 902 venissem,
1462 854 1658 894 ventum
1692 855 1763 896 est

183 933 245 981 ad
263 948 343 979 me
363 951 372 978 :
412 931 718 979 centuriones
742 930 887 978 trium
912 928 1199 986 cohortium,
1217 943 1341 991 quae
1366 927 1613 991 Pompeiis
1639 939 1762 988 sunt,

183 1031 264 1064 me
310 1016 429 1064 velle
477 1015 712 1079 postridie
762 1009 1261 1080 [convenire]-haec
1309 1026 1504 1059 mecum
1553 1011 1764 1060 Ninnius

185 1106 430 1157 noster-3
470 1098 588 1145 velle
621 1112 707 1144 eos
740 1095 856 1143 mihi
891 1110 942 1144 se
974 1102 1022 1142 et
1046 1094 1281 1157 oppidum
1307 1094 1508 1143 tradere.
1581 1094 1646 1143 At
1670 1111 1764 1158 ego

185 1182 270 1229 tibi
309 1180 541 1244 postridie
577 1195 606 1227 a
640 1179 748 1227 villa
784 1186 896 1226 ante
932 1177 1105 1235 lucem,
1142 1184 1195 1224 ut
1229 1191 1309 1224 me
1351 1177 1557 1225 omnino
1599 1178 1664 1224 illi
1704 1193 1767 1226 ne

186 1265 412 1313 viderent.
487 1261 621 1322 Quid
649 1262 780 1310 enim
813 1268 915 1309 erat
946 1260 996 1307 in
1031 1260 1182 1308 tribus
1219 1259 1533 1307 cohortibus?
1570 1260 1701 1322 quid,
1729 1261 1768 1308 si

188 1347 380 1410 plures?
416 1361 515 1408 quo
540 1344 807 1407 apparatu?
845 1342 1054 1405 cogitavi
1078 1342 1253 1390 eadem
1278 1341 1357 1389 illa
1381 1340 1624 1402 Caeliana,
1644 1358 1769 1405 quae

188 1429 283 1492 legi
315 1429 365 1476 in
399 1427 603 1492 epistola
634 1434 730 1485 tua,
757 1441 904 1490 quam
938 1424 1120 1487 accepi,
1148 1423 1287 1473 simul
1322 1431 1370 1472 et
1404 1425 1455 1471 in
1491 1423 1769 1473 Cumanum

188 1512 311 1569 veni,
338 1511 515 1559 eodem
541 1509 633 1569 die,
658 1516 706 1557 et
733 1504 918 1574 [simul]
945 1507 1047 1555 fieri
1074 1513 1278 1569 poterat,
1304 1514 1357 1554 ut
1393 1514 1741 1569 temptaremur
1755 1525 1768 1568 ;

190 1608 391 1642 omnem
431 1593 575 1656 igitur
617 1592 933 1654 suspitionem
977 1589 1159 1637 sustuli.
1234 1600 1277 1649 5.
1323 1588 1420 1636 Sed
1457 1589 1573 1637 dum
1609 1591 1770 1651 redeo,

191 1675 486 1724 Hortensius
505 1682 714 1732 venerat,
730 1681 778 1721 et
801 1673 864 1721 ad
888 1671 1170 1721 Terentiam
1197 1671 1455 1719 salutatum
1482 1671 1769 1734 deverterat3

193 1773 420 1807 sermone
445 1765 545 1804 erat
568 1770 685 1804 usus
717 1754 989 1803 honorifico
1023 1768 1138 1816 erga
1169 1768 1262 1800 me.
1337 1752 1532 1802 Tamen
1567 1769 1694 1813 eum,
1721 1764 1772 1804 ut

192 1849 326 1903 puto,
352 1838 554 1897 videb03
593 1837 722 1885 misit
754 1837 885 1885 enim
910 1851 1114 1899 puerum
1141 1850 1192 1883 se
1218 1835 1280 1883 ad
1304 1851 1383 1883 me
1408 1836 1582 1884 venire.
1656 1837 1771 1886 Hoc

194 1922 393 1986 quidem
416 1920 586 1969 melius
612 1935 760 1983 quam
790 1919 978 1981 collega
1000 1926 1175 1967 noster
1197 1917 1457 1977 Antonius,
1483 1919 1618 1966 cuius
1649 1920 1773 1968 inter

193 2004 386 2052 lictores
410 2002 579 2050 lectica
603 2002 751 2049 mima
774 2008 1006 2063 portatur.
1079 2000 1123 2046 6.
1162 1998 1257 2058 Tu,
1284 1999 1516 2062 quoniam
1542 2010 1775 2063 quartana

196 2101 345 2144 careS,
383 2093 429 2132 et
470 2084 652 2132 nedum
699 2098 879 2131 novum
925 2083 1153 2130 morbum
1201 2082 1458 2140 removisti,
1497 2083 1582 2130 sed
1630 2084 1774 2133 etiam

194 2167 519 2230 gravedinem,
548 2173 595 2213 te
630 2172 857 2227 vegetum
891 2164 1034 2212 nobis
1070 2163 1120 2211 in
1154 2162 1361 2213 Graecia
1394 2163 1521 2222 siste,
1548 2171 1596 2212 et
1627 2164 1775 2214 litter-

196 2264 333 2298 arum
359 2248 538 2312 aliquid
563 2248 757 2294 interea.

506 2410 581 2455 75.
654 2405 749 2454 AD
785 2404 1207 2452 FAMILIARES
1244 2404 1379 2453 XIV.
1422 2408 1465 2454 7.

223 2537 332 2588 SCR.
370 2553 421 2586 m
454 2551 614 2586 Poss'ru
649 2535 908 2585 CAIETANO
943 2550 1072 2584 NAvE
1107 2549 1388 2592 CONSCENSA,
1425 2549 1507 2582 vn.
1545 2550 1608 2583 11).
1647 2535 1754 2584 ΙυΝ.

253 2642 391 2677 Α.υ.ο.
421 2638 531 2688 705.
603 2641 809 2675 TULLrus
844 2640 1121 2674 TERENTIAE
1156 2640 1279 2673 SUAE
1314 2640 1414 2673 SAL.
1450 2640 1716 2673 PLURIMAM.

276 2753 316 2785 1.
354 2735 527 2784 OMNES
583 2735 828 2783 molestias
887 2743 934 2782 et
993 2733 1351 2789 sollicitudines,
1406 2732 1581 2794 quibus
1637 2741 1684 2780 et
1731 2743 1776 2782 te

203 2818 519 2867 miserrimam
560 2817 722 2875 habui,
761 2815 810 2864 id
847 2816 980 2880 quod
1022 2815 1139 2863 mihi
1174 2815 1570 2862 molestissimum
1612 2824 1697 2873 est,
1740 2823 1782 2864 et
