2040 3048
338 89 438 144 266
799 102 863 141 M.
909 100 1108 142 TULLII
1144 103 1460 142 CICERONIS
1720 89 1832 164 [Pars
1857 104 1906 143 v.

334 241 548 290 possum.
621 225 748 274 Cum
774 226 836 274 ad
863 242 964 274 rem
989 227 1234 289 publicam
1257 228 1555 276 liberandam
1581 229 1777 287 accessi,
1803 228 1905 276 HS.

333 309 449 356 mihi
496 308 581 356 fuit
622 308 858 370 pecuniae
899 322 1068 358 ·cccc·
1114 310 1333 373 amplius.
1406 310 1620 357 Tantum
1670 310 1820 368 abest,
1857 318 1910 358 ut

334 406 470 438 meae
506 390 572 437 rei
609 389 851 437 familiaris
886 389 1090 438 liberum
1127 391 1186 438 sit
1219 392 1495 454 quicquam,
1521 398 1574 438 ut
1609 406 1782 440 omnes
1813 391 1909 438 iam

333 486 469 518 meos
495 471 678 519 amicos
705 486 814 518 aere
834 471 991 519 alieno
1008 471 1361 520 obstrinxerim.
1435 471 1631 534 Septem
1656 487 1910 520 numerum

334 568 462 601 nunc
485 553 734 616 legionum
759 554 864 612 a103
902 569 998 616 qua
1031 553 1322 613 difficultate,
1348 562 1400 601 tu
1433 555 1694 602 arbitrare:
1730 569 1846 612 non,
1872 555 1911 602 si

333 634 564 683 Varronis
598 636 850 684 thesauros
886 635 1130 695 haberem,
1158 637 1415 685 subsistere
1450 636 1661 698 sumptui
1697 651 1908 699 possem.

334 716 461 766 Cum
485 717 694 779 primurn
728 718 788 766 de
821 717 1039 766 Antonio
1070 718 1376 780 exploratum
1409 718 1640 778 habuero,
1666 717 1841 765 faciam
1864 725 1911 765 te

335 799 600 847 certiorem.
671 800 754 847 Tu
800 814 879 847 me
917 800 1102 847 amabis
1139 800 1219 856 ita,
1262 800 1302 847 si
1345 799 1438 847 hoc
1480 799 1611 847 idem
1649 815 1727 847 me
1774 800 1824 847 in
1866 809 1911 846 te

336 880 491 929 facere
517 881 736 929 senseris.
805 896 874 928 111.
901 880 1033 928 Non.
1061 879 1177 928 Mai.
1203 895 1264 928 ex
1290 882 1474 938 castris,
1500 880 1734 929 Dertona.

625 1013 733 1060 138.
805 1011 900 1059 AD
937 1011 1359 1060 FAMILIARES
1396 1012 1510 1060 XII.
1555 1028 1627 1059 12.

563 1106 671 1157 SCR.
708 1123 758 1154 IN
793 1123 986 1156 CASTRIS
1022 1107 1179 1157 Noms
1216 1107 1367 1157 MA11s
1403 1123 1541 1157 A.u.c.
1582 1119 1694 1170 711.

558 1210 599 1244 c.
635 1210 819 1244 CAssms
854 1210 1042 1244 PRocos.
1080 1211 1116 1244 s.
1153 1211 1198 1243 D.
1237 1211 1288 1244 M.
1325 1211 1549 1245 cmERom
1583 1211 1687 1244 suo.

410 1306 448 1339 1.
491 1291 537 1339 S.
564 1306 607 1338 v.
635 1307 675 1338 B.
702 1307 744 1339 E.
771 1306 811 1338 E.
839 1306 884 1346 Q.
910 1306 953 1338 v.
988 1291 1082 1353 legi
1119 1298 1224 1339 tuas
1260 1292 1453 1349 litteras,
1479 1293 1528 1338 in
1554 1293 1727 1354 quibus
1751 1291 1913 1338 mirifi-

339 1389 451 1421 cum
486 1381 621 1420 tuum
658 1388 775 1434 erga
810 1387 889 1419 me
927 1388 1144 1420 amorem
1179 1375 1469 1436 recognovi;
1511 1374 1749 1421 videbaris
1785 1374 1914 1421 enim

338 1470 437 1502 non
463 1455 621 1502 solum
646 1453 804 1502 favere
830 1454 1092 1501 nobis—id
1113 1454 1246 1518 quod
1270 1463 1318 1503 et
1342 1464 1508 1504 nostra
1532 1464 1579 1503 et
1602 1456 1670 1503 rei
1694 1455 1914 1518 publicae

339 1552 485 1586 causa
520 1551 713 1598 semper
746 1535 980 1594 fecisti—,
1019 1537 1106 1584 sed
1143 1538 1287 1585 etiam
1320 1553 1517 1600 gravem
1553 1553 1720 1586 curam
1753 1552 1914 1585 susce-

339 1620 467 1682 pisse
502 1617 906 1680 vehementerque
954 1633 1062 1665 esse
1112 1618 1172 1666 de
1229 1620 1371 1667 nobis
1419 1620 1661 1668 sollicitus.
1731 1618 1916 1680 Itaque,

340 1700 473 1764 quod
509 1707 556 1747 te
593 1699 803 1761 primum
841 1699 1112 1747 existimare
1153 1702 1398 1762 putabam,
1445 1716 1538 1749 nos
1584 1716 1821 1763 oppressa
1865 1715 1916 1765 re

339 1782 532 1846 publica
556 1781 803 1843 quiescere
828 1795 929 1828 non
954 1796 1114 1843 posse,
1142 1781 1332 1841 deinde,
1360 1798 1472 1830 cum
1505 1784 1800 1846 suspicarere
1825 1797 1917 1830 nos

341 1863 511 1921 moliri,
537 1863 670 1925 quod
703 1871 750 1910 te
783 1862 1040 1910 sollicitum
1065 1878 1170 1911 esse
1207 1871 1255 1910 et
1290 1863 1351 1911 de
1388 1864 1537 1912 salute
1574 1872 1740 1912 nostra
1775 1872 1822 1911 et
1857 1863 1917 1911 de

341 1961 499 1993 rerum
523 1952 697 1993 eventu
722 1945 970 2007 putabam,
996 1944 1137 1991 simul
1171 1961 1227 1993 ac
1252 1945 1472 2007 legiones
1505 1946 1683 2007 accepi,
1710 1960 1832 2007 quas
1857 1946 1912 1991 A.

339 2027 556 2074 Allienus
582 2027 812 2073 eduxerat
837 2041 898 2073 ex
929 2027 1170 2087 Aegypto,
1200 2027 1369 2089 scripsi
1396 2026 1458 2074 ad
1481 2035 1527 2074 te
1551 2026 1916 2088 tabellariosque

339 2108 611 2170 complures
632 2107 845 2154 Romam
870 2107 1006 2164 misi;
1047 2107 1216 2168 scripsi
1241 2108 1384 2154 etiam
1404 2108 1466 2155 ad
1483 2115 1703 2156 senatum
1723 2107 1914 2164 litteras,

338 2206 458 2253 quas
483 2189 617 2237 reddi
640 2189 767 2236 vetui
802 2187 948 2251 prius,
976 2203 1123 2249 quam
1157 2189 1243 2235 tibi
1276 2189 1501 2236 recitatae
1527 2197 1702 2246 essent,
1730 2189 1769 2235 si
1794 2188 1915 2235 forte

338 2273 433 2319 mei
468 2273 801 2334 obtemperare
833 2269 952 2317 mihi
988 2269 1256 2317 voluerunt.
1329 2269 1480 2328 Quod
1517 2270 1557 2317 si
1593 2270 1774 2317 litterae
1809 2285 1914 2331 per-

339 2354 461 2401 latae
502 2367 604 2400 non
642 2360 767 2410 sunt,
809 2366 911 2399 non
952 2350 1118 2398 dubito
1157 2351 1273 2412 quin
1309 2349 1579 2409 Dolabella,
1617 2351 1699 2414 qui
1736 2350 1914 2398 nefarie

340 2435 590 2483 Trebonio
629 2434 793 2482 occiso
836 2433 1007 2480 Asiam
1043 2431 1311 2494 occupavit,
1349 2431 1621 2480 tabellarios
1656 2446 1795 2479 meos
1832 2431 1914 2478 de-

340 2516 644 2579 prehenderit
675 2515 949 2577 litterasque
979 2514 1297 2576 interceperit.
1373 2529 1415 2562 2.
1451 2512 1704 2561 Exercitus
1729 2527 1914 2570 omnes,

340 2598 421 2659 qui
446 2598 495 2644 in
522 2597 656 2659 Syria
689 2596 894 2654 fuerunt,
921 2604 1095 2654 tene03
1132 2594 1277 2642 habui
1303 2595 1567 2656 paullulum
1592 2609 1771 2651 morae,
1799 2593 1915 2640 dum

341 2679 580 2741 promissa
615 2678 842 2725 militibus
879 2677 1117 2739 persolvo.
1190 2676 1336 2723 Nunc
1371 2677 1468 2724 iam
1508 2691 1616 2724 sum
1650 2675 1912 2738 expeditus.

341 2761 386 2808 A
411 2768 455 2807 te
481 2770 610 2822 peto,
633 2768 682 2806 ut
707 2760 988 2822 dignitatem
1012 2773 1172 2806 meam
1198 2759 1588 2806 commendatam
1614 2758 1696 2804 tibi
1720 2756 1913 2814 habeas,
