2040 3048
156 143 226 196 Ep.
255 130 348 202 52.]
438 145 628 185 EPIST.
666 146 749 185 AD
785 143 1156 186 FAMILIARES
1194 148 1315 186 XVI.
1363 150 1441 189 12.
1636 150 1736 206 133

150 273 444 338 Accepimus
475 276 803 336 condiciones,
830 278 917 326 sed
940 278 1018 335 ita,
1043 286 1096 327 ut
1126 286 1371 327 removeat
1405 278 1646 341 praesidia
1670 293 1728 326 ex

149 356 205 404 iis
229 357 359 416 lociS,
386 373 510 419 quae
535 358 801 420 occupavit,
828 367 880 406 ut
906 359 1006 407 sine
1031 368 1165 408 metu
1189 360 1250 407 de
1274 359 1348 408 his
1372 360 1490 422 ipsis
1516 359 1729 408 condici-

148 440 323 487 onibus
349 439 539 488 Romae
565 447 762 488 senatus
786 439 950 489 haberi
975 442 1144 504 possit.
1217 458 1262 501 4.
1299 441 1358 490 Id
1382 441 1459 489 ille
1485 441 1523 489 si
1550 440 1729 499 fecerit,

147 534 258 582 spes
291 528 363 568 est
399 521 546 583 pacis,
572 535 673 568 non
697 519 1134 586 honestae—leges
1164 524 1295 572 enim
1331 525 1728 587 imponuntur—,

147 602 231 649 sed
274 602 460 665 quidvis
498 610 571 651 est
611 603 782 651 melius
824 619 972 667 quam
1020 606 1089 654 sic
1136 621 1243 654 esse
1286 614 1338 653 ut
1386 620 1567 654 sumus.
1641 603 1726 651 Sin

145 691 308 732 autem
333 684 410 732 ille
443 684 541 732 suis
575 685 944 736 condicionibus
973 695 1097 736 stare
1131 688 1350 748 noluerit,
1377 688 1556 736 bellum
1589 701 1729 749 para-

144 773 247 812 tum
273 774 358 824 est,
385 766 488 814 eius
512 766 646 815 modi
677 775 855 826 tamen,
882 770 1016 831 quod
1052 770 1287 818 sustinere
1321 769 1398 818 ille
1431 784 1534 817 non
1559 767 1727 831 possit,

143 849 424 909 praesertim
451 863 562 896 cum
596 864 626 896 a
658 849 756 897 suis
789 851 1159 900 condicionibus
1196 853 1300 914 ipse
1325 851 1515 914 fugerit,
1543 859 1730 899 tanturn

144 929 294 981 modo
336 938 390 978 ut
424 945 536 978 eum
573 931 964 990 intercludamus,
1002 949 1064 982 ne
1101 934 1163 982 ad
1197 934 1367 982 urbem
1403 934 1557 996 possit
1593 947 1729 980 acce-

146 1012 272 1070 dere,
298 1013 431 1074 quod
456 1015 773 1075 sperabamus
798 1015 900 1063 fieri
926 1030 1071 1079 posse
1086 1032 1099 1076 5
1137 1016 1339 1065 dilectus
1364 1017 1494 1064 enim
1517 1028 1728 1077 magnos

144 1092 442 1143 habebamus
467 1096 857 1159 putabamusque
881 1097 1015 1145 illum
1040 1106 1268 1152 metuere,
1296 1098 1335 1146 si
1371 1098 1434 1146 ad
1465 1099 1636 1145 urbem
1660 1096 1729 1144 ire

145 1177 396 1238 coepisset,
432 1191 494 1225 ne
533 1175 715 1225 Gallias
751 1179 1004 1239 amitteret,
1031 1195 1152 1243 quas
1190 1181 1359 1228 ambas
1395 1179 1541 1228 habet
1572 1179 1728 1227 inimi-

146 1256 363 1306 cissimas
419 1267 607 1321 praeter
660 1259 1059 1322 Transpadanos,
1121 1276 1181 1308 ex
1242 1260 1582 1324 Hispaniaque
1643 1275 1727 1308 sex

144 1337 361 1399 legiones
409 1348 456 1387 et
502 1356 682 1404 magna
731 1342 906 1390 auxilia
947 1342 1150 1391 Afranio
1199 1352 1248 1391 et
1283 1343 1475 1391 Petreio
1525 1343 1727 1390 ducibus

143 1420 288 1468 habet
323 1436 353 1469 a
388 1429 552 1484 tergo:
589 1423 788 1483 videtur,
815 1425 855 1472 si
891 1425 1109 1484 insaniet,
1135 1441 1282 1489 posse
1319 1425 1543 1489 opprimi,
1574 1425 1726 1473 modo

145 1512 196 1551 ut
219 1505 335 1552 urbe
362 1505 503 1552 salva.
575 1504 845 1554 Maximam
871 1515 1033 1555 autem
1056 1508 1254 1571 plagam
1286 1509 1486 1571 accepit,
1512 1508 1646 1571 quod
1671 1508 1729 1566 is,

145 1586 226 1649 qui
263 1601 505 1635 summam
540 1589 875 1637 auctoritatem
911 1591 962 1637 in
996 1590 1120 1639 illius
1158 1591 1368 1639 exercitu
1404 1590 1627 1648 habebat,
1665 1589 1725 1637 T.

145 1667 401 1726 LabienuS,
428 1669 587 1717 socius
613 1670 804 1719 sceleris
829 1686 936 1720 esse
970 1673 1156 1720 noluit:
1193 1673 1384 1736 reliquit
1419 1671 1551 1720 illum
1582 1679 1630 1720 et
1664 1676 1730 1718 est

143 1750 415 1809 nobiscum,
440 1751 673 1814 multique
708 1751 839 1800 idem
876 1753 1045 1802 facturi
1081 1769 1189 1803 esse
1224 1755 1461 1804 dicuntur.
1533 1765 1578 1814 5.
1613 1752 1724 1814 Ego

145 1831 303 1880 adhuc
328 1846 443 1880 orae
466 1832 730 1881 maritimae
754 1849 983 1897 praesum
1009 1851 1038 1884 a
1056 1835 1276 1884 Formiis,
1345 1835 1546 1883 Nullum
1570 1835 1726 1883 maius

146 1914 396 1975 negotium
444 1914 687 1976 suscipere
735 1916 877 1974 volui,
926 1931 1026 1979 quo
1074 1917 1184 1980 plus
1232 1917 1363 1980 apud
1409 1917 1541 1965 illum
1587 1932 1726 1965 meae

145 1997 327 2044 litterae
364 1995 824 2061 cohortationesque
861 1998 923 2046 ad
965 2014 1136 2062 pacem
1173 1999 1383 2047 valerent
1400 2015 1412 2059 ;
1457 2000 1531 2047 sin
1567 2006 1726 2046 autem

145 2078 232 2127 erit
256 2078 450 2136 bellum,
475 2079 616 2127 video
640 2095 718 2128 me
744 2080 911 2128 castris
944 2087 991 2128 et
1023 2081 1164 2129 certis
1189 2081 1460 2144 legionibus
1485 2081 1726 2143 praefutu-

144 2175 263 2209 rum.
349 2159 526 2208 Habeo
574 2161 719 2209 etiam
766 2162 897 2209 illam
956 2163 1243 2220 molestiam,
1293 2155 1427 2226 quod
1473 2161 1727 2211 Dolabella

146 2250 310 2290 noster
350 2242 481 2304 apud
520 2241 782 2291 Caesarem
821 2251 907 2292 est.
978 2242 1119 2292 Haec
1157 2244 1243 2292 tibi
1281 2252 1399 2292 nota
1437 2259 1547 2292 esse
1583 2244 1724 2301 volui,

146 2338 269 2387 quae
311 2338 425 2372 cave
471 2339 532 2371 ne
579 2332 626 2372 te
673 2326 954 2387 perturbent
1001 2334 1050 2374 et
1097 2326 1364 2389 impediant
1403 2326 1727 2374 valetudinem

142 2398 293 2471 tuam.
316 2397 321 2400 ⁴
364 2406 409 2454 6.
444 2404 554 2468 Ego
578 2406 638 2453 A.
659 2405 879 2464 Varroni,
906 2422 1053 2470 quem
1080 2423 1193 2455 cum
1218 2408 1606 2456 amantissimum
1631 2407 1727 2454 mei

146 2486 369 2549 cognovi,
393 2494 496 2534 tum
521 2487 666 2534 etiam
689 2487 827 2535 valde
862 2489 931 2535 tui
966 2489 1252 2546 studiosum,
1279 2488 1642 2551 diligentissime
1682 2496 1727 2535 te

149 2566 497 2624 commendavi,
534 2576 588 2616 ut
621 2577 670 2617 et
704 2569 987 2617 valetudinis
1029 2578 1140 2618 tuae
1175 2570 1413 2618 rationem
1447 2569 1647 2618 haberet
1683 2578 1730 2617 et

149 2648 464 2711 navigationis
507 2657 554 2697 et
594 2657 750 2698 totum
792 2658 839 2698 te
881 2653 1146 2715 susciperet
1187 2668 1244 2701 ac
1293 2660 1533 2701 tueretur:
1582 2667 1727 2714 quem

150 2730 314 2778 omnia
336 2729 573 2777 facturum
598 2730 823 2788 confido;
863 2733 1043 2794 recepit
1072 2734 1203 2781 enim
1237 2742 1284 2782 et
1313 2749 1508 2783 mecum
1541 2733 1729 2782 locutus

151 2819 224 2861 est
254 2811 548 2859 suavissime.
618 2810 713 2870 Tu,
751 2814 983 2874 quoniam
1022 2829 1083 2862 eo
1127 2823 1346 2878 tempore
1386 2830 1580 2863 mecum
1623 2830 1729 2863 esse
