2040 3048
59 107 134 159 Ep.
167 94 257 161 18.]
354 100 547 141 EPIST.
587 99 670 138 AD
706 96 1078 137 FAMILIARES
1114 97 1235 136 xlv.
1284 100 1327 137 1.
1561 98 1631 151 49

60 243 221 285 tantos
258 232 502 298 percipere
536 230 736 279 ,luctusl
824 229 954 277 Nam
1003 228 1119 291 quid
1159 242 1253 290 ego
1295 226 1355 274 de
1398 225 1633 276 Cicerone

63 317 252 367 dicam?
311 315 392 378 qui
441 328 553 361 cum
600 313 810 375 primum
857 327 1028 374 sapere
1077 310 1251 372 coepit,
1299 307 1638 356 acerbissimos

64 398 255 448 dolores
278 396 592 457 miseriasque
618 394 847 456 percepit.
919 392 1060 452 Quae
1097 392 1149 450 si,
1178 400 1228 439 tu
1252 399 1304 438 ut
1329 390 1510 448 scribis,
1536 388 1637 436 fato

63 482 190 530 facta
213 487 445 544 putarem,
471 476 645 525 ferrem
670 477 816 539 paulo
842 475 1041 533 facilius,
1068 474 1157 523 sed
1181 474 1348 522 omnia
1384 479 1495 522 sunt
1529 485 1640 518 mea

65 563 207 626 culpa
229 560 501 618 commissa,
528 558 610 623 qui
633 559 696 606 ab
719 558 776 606 iis
800 572 879 605 me
904 557 1055 605 amari
1080 558 1328 619 putabam,
1349 554 1432 619 qui
1457 553 1640 602 invide-

63 646 195 702 bant,
243 658 329 692 eos
375 656 478 690 non
526 642 780 704 sequebar,
827 640 910 703 qui
958 640 1201 701 petebant.
1299 654 1341 686 2.
1405 635 1556 695 Quod
1605 634 1644 682 si

65 726 241 775 nostris
285 724 497 773 consiliis
538 723 613 771 usi
663 737 881 771 essemus
930 737 1088 785 neque
1137 721 1268 784 apud
1316 735 1408 768 nos
1457 726 1644 766 tantum

65 808 287 856 valuisset
311 820 470 854 sermo
494 814 578 853 aut
602 805 856 853 stultorum
882 804 1152 853 amicorum
1181 811 1263 851 aut
1299 802 1647 864 improborum,-

66 889 327 939 beatissimi
350 888 643 936 viveremus:
692 903 838 946 nunc,
875 888 1109 950 quoniam
1146 902 1337 950 sperare
1374 900 1465 933 nos
1501 883 1646 931 amici

68 974 247 1031 iubent,
284 971 412 1019 dabo
448 985 660 1034 operam,
697 986 759 1018 ne
795 985 906 1018 mea
941 970 1165 1018 valetudo
1200 978 1284 1018 tuo
1320 968 1473 1016 labori
1511 966 1648 1015 desit.

71 1053 172 1102 Res
195 1061 377 1117 quanta
403 1054 474 1112 sit,
501 1053 743 1115 intellego,
771 1061 1051 1116 quantoque
1074 1051 1216 1100 ⁴fuerit
1240 1050 1425 1099 facilius
1450 1064 1648 1098 manere

72 1135 206 1184 domi
247 1150 394 1198 quam
435 1136 588 1183 redire
607 1151 621 1194 ;
677 1134 763 1184 sed
805 1142 984 1193 tamen,
1029 1135 1069 1182 si
1110 1149 1283 1183 omnes
1325 1134 1559 1180 tribunos·
1584 1130 1646 1193 pl.

73 1217 324 1274 habemus,
362 1217 403 1264 si
439 1215 700 1264 Lentulum
734 1224 835 1263 tam
872 1215 1157 1273 studiosum,
1197 1230 1345 1279 quam
1379 1214 1579 1271 videtur,
1614 1213 1653 1261 si

73 1315 186 1348 vero
211 1299 355 1347 etiam
372 1297 661 1361 Pompei-um
685 1306 734 1345 et
758 1297 1031 1356 Caesarem,
1053 1312 1154 1346 non
1179 1305 1252 1345 est
1276 1295 1647 1359 desperandum.

77 1398 119 1444 3.
158 1380 235 1428 De
260 1380 453 1438 familia,
479 1395 578 1442 quo
615 1380 767 1428 modo
805 1379 1044 1443 placuisse
1083 1379 1249 1428 scribis
1290 1378 1472 1436 amicis,
1509 1377 1655 1425 facie⁶

75 1479 184 1512 mus
199 1479 212 1523 ;
269 1463 327 1510 de
365 1463 491 1520 loc0,
533 1477 664 1510 nunc
707 1462 907 1526 quidem
951 1462 1049 1509 iam
1091 1462 1205 1509 abiit
1246 1460 1530 1525 pestilentia,
1570 1458 1658 1508 sed

77 1560 224 1609 quam
249 1544 330 1591 diu
355 1543 453 1602 fuit,
479 1559 559 1591 me
584 1558 686 1591 non
711 1544 878 1605 attigit.
951 1543 1192 1601 Plancius,
1217 1543 1369 1591 homo
1403 1542 1653 1591 officiosis-

77 1627 242 1683 simus,
288 1640 367 1673 me
416 1625 548 1688 cupit
594 1640 700 1673 esse
749 1640 917 1673 secum
962 1635 1012 1673 et
1059 1625 1218 1673 adhuc
1265 1625 1452 1673 retinet.
1547 1624 1658 1686 Ego

78 1707 299 1755 volebam
340 1706 449 1754 loco
483 1707 641 1767 magis
683 1706 874 1754 deserto
917 1721 1022 1754 esse
1066 1707 1115 1753 in
1151 1706 1317 1769 Epiro,
1358 1721 1456 1769 quo
1500 1721 1660 1769 neque

82 1788 244 1851 Hispo
268 1789 448 1836 veniret
472 1803 563 1836 nec
586 1788 776 1846 militeS‚
803 1787 890 1836 sed
915 1788 1075 1836 adhuc
1100 1787 1326 1837 Plancius
1351 1804 1430 1836 me
1458 1790 1660 1849 retinet;

82 1877 241 1933 sperat
265 1885 411 1932 posse
448 1869 562 1929 fieri,
604 1878 656 1918 ut
691 1885 886 1918 mecum
920 1870 971 1917 in
1006 1870 1196 1918 Italiam
1233 1871 1465 1919 decedat:
1515 1886 1661 1935 quem

83 1967 177 2015 ego
202 1951 331 1999 diem
357 1952 397 1999 si
420 1952 585 2000 videro
610 1960 659 2000 et
683 1953 722 2000 si
745 1953 796 1999 in
821 1961 1032 2000 vestrum
1064 1952 1378 2016 complexum
1401 1969 1581 2002 venero
1606 1969 1663 2002 ac

85 2034 125 2083 si
161 2041 209 2082 et
247 2050 332 2083 vos
364 2042 412 2082 et
451 2050 532 2083 me
572 2035 733 2098 ipsum
774 2050 1077 2098 recuperaro,
1116 2035 1233 2084 satis
1270 2051 1504 2099 magnum
1547 2036 1665 2083 mihi

86 2116 292 2164 fructum
316 2116 516 2164 videbor
538 2117 816 2180 percepisse
841 2125 889 2166 et
912 2125 1096 2166 vestrae
1120 2117 1311 2179 pietatis
1335 2126 1382 2166 et
1405 2134 1556 2168 meae.
1620 2134 1664 2177 4.

89 2197 278 2246 Pisonis
302 2198 593 2258 humanitas,
617 2199 777 2258 virtus,
806 2214 943 2248 amor
967 2201 1018 2247 in
1051 2215 1223 2248 omnes
1257 2215 1350 2248 nos
1386 2209 1547 2249 tantus
1580 2208 1666 2258 est,

89 2287 141 2327 ut
186 2279 302 2327 nihil
332 2295 492 2343 ,supra
533 2282 719 2342 possit:
775 2282 960 2329 utinam
1004 2297 1062 2330 ea
1109 2297 1186 2330 res
1225 2282 1268 2330 ei
1306 2282 1540 2345 voluptati
1581 2283 1666 2330 sitl

93 2361 270 2422 gloriae
309 2362 506 2425 quidem
547 2362 689 2412 video
730 2362 847 2411 fore.
935 2363 1013 2411 De
1056 2362 1116 2421 Q.
1164 2363 1305 2412 fratre
1343 2363 1459 2411 nihil
1496 2353 1591 2426 ego
1625 2373 1671 2412 te

96 2444 329 2501 accusavi,
357 2443 441 2492 sed
476 2460 576 2503 vos,
604 2460 717 2493 cum
754 2446 1039 2508 praesertim
1071 2454 1175 2493 tam
1210 2447 1355 2509 pauci
1392 2447 1506 2503 sitis,
1544 2446 1672 2494 volui

96 2539 201 2572 esse
225 2539 372 2587 quarn
396 2527 831 2576 coniunctissimos.
909 2539 952 2589 5.
992 2526 1186 2586 Quibus
1212 2544 1291 2575 me
1316 2528 1506 2577 voluisti
1531 2544 1674 2592 agere

96 2606 285 2668 gratias,
329 2607 406 2669 egi
442 2617 489 2658 et
523 2623 602 2657 me
651 2625 680 2656 a
727 2617 774 2657 te
824 2609 1077 2657 certiorem
1120 2609 1301 2657 factum
1342 2626 1449 2660 esse
1491 2611 1672 2674 scripsi.

102 2686 252 2745 Quod
277 2687 338 2736 ad
361 2703 453 2747 me,
479 2703 590 2738 mea
613 2690 861 2749 Terentia,
889 2691 1055 2740 scribis
1089 2699 1134 2739 te
1165 2692 1322 2740 vicum
1359 2693 1676 2751 vendituram‚

101 2768 234 2841 quid,
260 2769 464 2821 obsecro
495 2778 705 2837 te,—me
742 2772 972 2820 miserum
987 2774 1194 2836 ?—-quid
1230 2774 1442 2822 futurum
1479 2776 1582 2824 est?
1618 2784 1678 2834 et,

881 2868 909 2901 t
