2040 3048
170 113 238 165 Ep.
266 123 332 164 43,
361 103 447 168 44]
513 113 698 153 EPIST.
738 113 820 152 AD
857 114 1130 155 ATTJCUM
1171 115 1274 154 νη.
1320 116 1364 167 7.
1648 117 1737 155 121

170 237 287 297 Nos,
313 239 351 287 si
387 238 435 286 di
471 238 773 299 adiuvabant,
809 240 993 288 circiter
1030 239 1146 288 Idus
1183 238 1483 287 Novembres
1519 239 1568 286 in
1606 238 1743 287 Italia

169 334 416 382 speramus
440 319 554 369 fore.
594 319 712 380 Vos,
733 337 844 370 mea
869 322 1151 370 suavissima
1177 330 1223 370 et
1240 320 1542 384 optatissima
1561 319 1746 367 Teren-

167 403 243 461 tia,
269 403 307 450 si
332 417 424 450 nos
448 403 634 460 amatiS‚
661 412 822 452 curate
847 412 899 453 ut
923 403 1130 454 valeatis.
1200 398 1380 471 [Vale.]
1408 402 1613 451 Athenis
1639 418 1680 451 a.
1699 402 1742 450 d.

170 499 244 532 xv.
270 483 378 533 Kal.
406 483 644 533 Novemb.

537 621 614 666 44.
685 616 781 665 AD
818 616 1143 666 ATTICUM
1179 616 1293 665 vn.
1335 628 1378 678 7.

433 711 542 762 ScR.
581 727 678 761 xm.
716 711 844 761 ΚΜ..
883 712 1148 762 IANUARIAS
1183 727 1322 762 Aue.
1364 725 1474 773 704.

697 815 867 852 crcERo
903 817 1080 852 ATT1co
1115 817 1216 851 SAL.

241 914 283 948 1.
319 901 332 925 ‘
356 897 632 957 DIONYsms,
670 900 739 946 vir
780 900 1006 962 optimus,
1042 908 1095 948 ut
1130 899 1249 947 mihi
1287 913 1482 963 quoque
1525 908 1598 948 est
1638 915 1747 962 per-

169 986 375 1041 spectus,
422 987 470 1026 et
528 979 834 1029 doctissimus
893 981 1056 1044 tuique
1113 980 1482 1039 amantissimus,
1538 981 1750 1029 Romam

168 1061 295 1109 venit
329 1077 405 1110 xv.
432 1060 638 1109 Kalend.
666 1061 772 1111 Ian.
798 1070 846 1110 et
871 1062 1049 1110 litteras
1083 1078 1112 1110 a
1147 1070 1194 1110 te
1231 1061 1347 1109 mihi
1379 1062 1584 1110 reddidit
1605 1059 1637 1110 :’
1675 1070 1746 1110 tot

170 1144 298 1191 enim
337 1145 483 1191 verba
519 1152 628 1192 sunt
670 1145 729 1193 de
771 1145 1010 1208 Dionysio
1051 1146 1102 1193 in
1145 1145 1349 1208 epistola
1385 1153 1479 1194 tua.
1550 1144 1675 1193 Illud
1712 1147 1747 1204 †

169 1233 335 1288 putato
358 1240 460 1273 non
485 1225 714 1275 adscribis
740 1230 815 1275 ‘et
845 1228 930 1275 tibi
963 1227 1140 1289 gratias
1173 1228 1270 1290 egit
1288 1226 1315 1276 ε’
1353 1227 1485 1291 atqui
1518 1235 1645 1275 certe
1671 1227 1747 1276 ille

170 1322 312 1369 agere
337 1306 514 1365 debuit,
540 1316 601 1366 et,
628 1308 666 1356 si
700 1317 827 1357 esset
860 1308 1052 1368 factum,
1079 1325 1201 1373 quae
1236 1318 1317 1357 tua
1349 1318 1421 1357 est
1455 1308 1746 1367 humanitas,

169 1388 517 1451 adscripsisses.
591 1388 713 1437 Mihi
755 1399 916 1440 autem
959 1393 1089 1440 nulla
1131 1392 1192 1440 de
1235 1406 1295 1439 eo
1333 1390 1567 1455 παλινῳδία
1610 1392 1747 1440 datur

169 1477 365 1534 propter
395 1471 655 1532 superioris
680 1472 911 1534 epistolae
941 1474 1285 1522 testimonium.
1361 1472 1430 1521 Sit
1462 1473 1604 1535 igitur
1630 1488 1747 1521 sane

167 1554 326 1602 bonus
359 1552 457 1611 vir3
505 1552 600 1601 hoc
635 1554 765 1601 enim
812 1555 973 1617 ipsum
1021 1557 1146 1603 bene
1188 1554 1312 1614 fecit,
1351 1554 1484 1617 quod
1518 1555 1637 1602 mihi
1673 1556 1744 1603 sui

169 1634 499 1697 cognoscendi
547 1636 739 1698 penitus
786 1638 931 1684 etiam
972 1637 1114 1685 istam
1161 1635 1440 1685 facultatem
1483 1637 1627 1685 dedit.
1704 1652 1747 1686 2.

169 1716 458 1778 Philogenes
481 1725 608 1764 recte
632 1716 694 1764 ad
717 1724 764 1765 te
789 1719 1006 1781 scripsit;
1045 1719 1224 1768 curavit
1248 1718 1378 1766 enim
1408 1718 1543 1781 quod
1568 1719 1744 1767 debuit.
1770 1724 1773 1726 ’

169 1799 296 1846 Eum
320 1814 415 1861 ego
439 1799 507 1846 uti
531 1814 589 1847 ea
623 1800 829 1861 pecunia
859 1801 1001 1859 volui,
1027 1800 1190 1864 quoad
1214 1801 1375 1849 liceret
1394 1816 1408 1860 3
1443 1801 1604 1863 itaque
1630 1817 1745 1849 usus

170 1888 243 1928 est
277 1894 469 1927 menses
505 1895 619 1928 xmr.
697 1896 740 1941 3.
778 1880 1090 1945 Pomptinum
1126 1882 1269 1944 cupio
1304 1882 1475 1940 valere,
1513 1890 1573 1941 et,
1610 1883 1744 1945 quod

171 1962 336 2010 scribis
371 1963 421 2009 in
455 1962 623 2009 urbem
659 1962 895 2021 introisse,
930 1979 1098 2012 vereor
1134 1964 1250 2026 quid
1286 1964 1372 2022 sit;
1416 1979 1530 2011 narn
1567 1964 1617 2012 id
1653 1964 1745 2012 nisi

170 2045 301 2107 gravi
341 2043 402 2091 de
440 2058 587 2091 causa
622 2058 724 2091 non
773 2045 978 2094 fecisset.
1047 2045 1172 2108 Ego,
1210 2046 1443 2109 quoniam
1490 2061 1576 2094 1111.
1614 2045 1747 2095 Non.

171 2125 273 2174 Ian.
322 2125 669 2188 compitalicius
717 2127 818 2174 dies
865 2135 952 2186 est,
1004 2127 1120 2175 nolo
1170 2142 1230 2176 eo
1279 2128 1356 2176 die
1405 2128 1454 2174 in
1501 2128 1748 2176 Albanum

179 2206 397 2275 [venire],
421 2224 475 2255 ne
507 2208 740 2256 molestus
774 2209 980 2257 familiae
1012 2210 1228 2257 veniam:
1265 2210 1404 2258 tertio
1442 2209 1560 2257 Non
1597 2207 1744 2276 [Ian.]

170 2292 340 2354 igitur3
375 2291 488 2338 inde
512 2291 575 2338 ad
598 2293 768 2338 urbem
793 2292 944 2354 pridie
971 2291 1159 2340 Nonas.
1232 2291 1343 2339 Tua
1366 2294 1504 2353 λῆψις
1529 2307 1674 2355 quem
1700 2293 1748 2340 in

173 2375 300 2422 diem
335 2373 556 2431 incurrat,
582 2373 762 2431 nescio,
790 2374 876 2421 sed
913 2388 1110 2437 prorsus
1146 2382 1193 2422 te
1230 2375 1525 2422 commoveri
1559 2375 1748 2422 incom-

170 2455 319 2503 modo
354 2455 634 2503 valetudinis
675 2463 784 2503 tuae
819 2455 948 2503 nolo,
1022 2470 1066 2515 4.
1103 2454 1179 2502 De
1215 2454 1401 2503 honore
1438 2464 1619 2514 nostro,
1657 2455 1748 2504 nisi

171 2538 286 2601 quid
309 2538 495 2585 occulte
520 2537 699 2586 Caesar
731 2554 815 2600 per
853 2553 966 2586 suos
999 2538 1217 2585 tribunos
1241 2537 1433 2585 molitus
1463 2539 1562 2591 erit,
1589 2546 1760 2587 cetera

172 2620 388 2667 videntur
428 2634 534 2666 esse
569 2619 847 2682 tranquilla;
891 2619 1306 2681 tranquillissimus
1350 2627 1511 2666 autem
1555 2620 1744 2669 animus

170 2716 318 2759 meus,
344 2700 425 2762 qui
459 2708 614 2748 totum
639 2701 759 2750 istuc
785 2701 925 2763 aequi
959 2700 1076 2747 boni
1103 2699 1225 2757 facit,
1251 2708 1297 2747 et
1322 2715 1381 2748 eo
1415 2701 1583 2762 magis,
1611 2703 1743 2764 quod

169 2785 265 2830 iam
311 2797 339 2830 a
380 2782 539 2830 multis
581 2782 724 2831 audio
767 2784 1079 2830 constitutum
1122 2797 1226 2829 esse
1269 2782 1505 2845 Pompeio
1549 2791 1595 2831 et
1643 2785 1744 2831 eius
