2040 3048
296 93 400 146 216
761 101 822 147 M.
867 102 1064 143 TULLII
1100 104 1267 144 clem
1276 104 1411 144 oms·
1654 96 1770 164 [Pars
1794 108 1864 148 xv.

585 286 694 333 102.
766 281 860 331 AD
896 280 1314 332 FAMILIARES
1350 281 1492 333 x111.
1530 300 1575 345 4.

544 379 652 428 SCR.
680 378 861 427 ROMAE
897 392 1051 426 MENSE
1089 378 1309 428 Oc'romu
1346 396 1484 429 Aue.
1515 392 1625 444 709.

374 483 424 516 M.
452 483 622 517 CICERO
648 483 682 515 s.
708 482 755 516 n.
776 482 819 523 Q.
845 482 1055 515 VALERIO
1079 482 1123 523 Q.
1150 482 1191 516 F.
1219 483 1372 518 ORCAE
1397 484 1588 518 LEGATO
1614 486 1778 520 PROPR.

365 581 403 613 1.
442 563 557 612 CUM
591 564 914 626 municipibus
939 562 1268 612 Volaterranis
1301 566 1415 613 mihi
1443 581 1632 614 summa
1657 567 1863 616 necessi-

291 647 408 694 tudo
451 654 551 706 est3
602 661 784 709 magno
829 647 957 694 enim
999 660 1112 694 meo
1154 647 1391 695 beneficio
1434 648 1608 697 adfecti
1651 650 1862 698 cumula-

293 730 473 777 tissime
500 729 617 776 mihi
653 729 855 791 gratiam
892 727 1170 776 rettulerunt
1182 745 1196 788 ς
1234 744 1347 777 nam
1384 745 1475 778 nec
1511 732 1560 778 in
1596 729 1862 780 honoribus

291 811 410 859 meis
433 827 511 858 nec
534 811 587 858 in
611 810 857 858 laboribus
881 825 1114 872 umquam
1141 810 1406 859 defuerunt.
1481 811 1605 860 Cum
1625 814 1799 875 quibus
1824 815 1863 861 si

289 892 405 940 mihi
443 891 574 939 nulla
611 907 759 940 causa
794 892 1121 950 intercederet,
1153 901 1330 951 tamen,
1361 893 1494 955 quod
1527 902 1573 942 te
1605 894 1888 951 vehemen-,

291 974 470 1022 tissime
509 974 656 1035 diligo
699 974 929 1036 quodque
971 988 1050 1021 me
1091 989 1120 1021 a
1162 982 1208 1021 te
1250 974 1440 1036 plurimi
1477 975 1578 1023 fieri
1615 978 1783 1031 sentio,
1818 985 1864 1025 et

290 1069 539 1103 monerem
581 1064 627 1103 te
667 1064 714 1103 et
755 1055 982 1115 hortarer,
1018 1060 1071 1103 ut
1111 1070 1279 1103 eorum
1322 1055 1525 1104 fortunis
1572 1057 1861 1117 consulereS,

291 1137 570 1199 praesertim
613 1151 724 1185 cum
767 1151 918 1200 prope
955 1137 1266 1200 praecipuam
1303 1151 1499 1184 causam
1536 1138 1767 1187 haberent
1801 1141 1863 1189 ad

291 1218 363 1265 ius
399 1218 746 1266 obtinendum:
786 1219 995 1281 primum
1032 1218 1166 1282 quod
1204 1216 1382 1266 Sullani
1418 1221 1648 1282 temporis
1684 1222 1862 1270 acerbi·

290 1307 436 1347 tatem
484 1301 687 1349 deorum
735 1299 1078 1349 immortalium
1120 1300 1415 1362 benignitate
1459 1302 1858 1365 subterfugerunt,

290 1381 479 1440 deinde,
506 1382 640 1445 quod
669 1397 861 1430 summo
897 1382 1055 1430 studio
1085 1382 1252 1445 populi
1278 1381 1490 1430 Romani
1515 1399 1544 1431 a
1567 1399 1646 1432 me
1670 1386 1719 1432 in
1743 1401 1860 1435 con-

290 1463 444 1512 sulatu
491 1479 603 1511 meo
651 1462 836 1512 defensi
884 1471 1008 1512 sunt.
1083 1480 1126 1511 2.
1178 1462 1303 1512 Cum
1351 1466 1467 1512 em'm
1515 1466 1691 1514 tribuni
1734 1468 1860 1530 plebi

288 1545 446 1608 legem
471 1545 821 1608 iniquissimam
846 1545 905 1593 de
926 1560 1094 1593 eorum
1114 1546 1240 1608 agris
1260 1547 1706 1609 promulgavissent,
1724 1549 1860 1598 facile

289 1628 475 1676 senatui
500 1627 779 1691 populoque
806 1625 1034 1676 Romano
1065 1629 1294 1690 persuasi,
1320 1636 1373 1676 ut
1405 1644 1491 1677 eos
1524 1631 1663 1690 civeS,
1688 1633 1862 1695 quibus

289 1709 480 1758 fortuna
513 1709 823 1773 pepercisset,
850 1709 1008 1756 salvos
1042 1724 1148 1757 esse
1181 1710 1368 1760 vellent.
1440 1710 1586 1759 Hanc
1619 1714 1859 1762 actionem

288 1807 447 1839 meam
474 1790 530 1840 C.
557 1791 738 1840 Caesar
769 1791 926 1854 primo
959 1805 1048 1838 suo
1082 1792 1333 1840 consulatu
1367 1793 1474 1855 lege
1507 1795 1691 1855 agraria
1726 1811 1859 1845 com·

288 1874 507 1936 probavit
530 1888 796 1936 agrumque
824 1873 1193 1922 Volaterranum
1225 1883 1272 1923 et
1303 1875 1538 1938 oppidum
1571 1877 1705 1924 omni
1738 1880 1860 1941 peri-

289 1956 399 2003 culo
427 1956 475 2003 in
500 1963 786 2018 perpetuum
812 1956 1036 2015 liberavit,
1062 1964 1113 2004 ut
1144 1955 1262 2004 mihi
1295 1956 1493 2005 dubium
1527 1973 1630 2006 non
1660 1960 1719 2007 sit
1743 1963 1859 2023 quin

287 2037 341 2096 is,
366 2038 448 2100 qui
473 2052 625 2086 novas
651 2038 1031 2086 necessitudines
1057 2038 1301 2100 adiungat,
1325 2046 1483 2086 vetera
1507 2054 1594 2087 sua
1626 2041 1859 2092 beneficia

289 2119 560 2167 conservari
590 2119 713 2168 velit.
785 2119 949 2178 Quam
982 2121 1047 2168 ob
1076 2135 1179 2168 rem
1211 2127 1285 2167 est
1313 2127 1422 2168 tuae
1459 2121 1742 2182 prudentiae
1777 2134 1858 2173 aut

289 2201 424 2263 sequi
473 2201 573 2249 eius
621 2202 964 2261 auctoritatem,
1010 2200 1143 2249 cuius
1188 2208 1368 2249 sectam
1416 2209 1558 2265 atque
1604 2204 1856 2267 imperium

289 2297 479 2331 summa
503 2298 614 2332 curn
639 2290 721 2331 tua
745 2283 975 2346 dignitate
1002 2291 1192 2331 secutus
1210 2298 1275 2342 eS,
1295 2284 1374 2331 a‘ut
1394 2292 1521 2331 certe
1542 2283 1603 2331 illi
1622 2286 1856 2350 integram

287 2379 484 2413 omnem
510 2380 706 2413 causam
733 2380 998 2425 reservare;
1036 2365 1150 2414 illud
1174 2380 1287 2413 vero
1312 2366 1528 2414 dubitare
1561 2382 1660 2415 non
1694 2369 1856 2430 debeS,

288 2447 403 2510 quin
439 2455 538 2494 tam
574 2462 731 2510 grave,
763 2454 860 2495 tam
891 2447 1094 2507 firmum,
1120 2455 1219 2495 tam
1251 2446 1508 2495 honesturn
1541 2449 1855 2514 municipium

287 2529 371 2577 tibi
414 2537 498 2576 tuo
546 2543 738 2577 summo
786 2529 1022 2577 beneficio
1070 2529 1119 2575 in
1165 2536 1450 2591 perpetuum
1489 2529 1690 2593 obligari
1724 2533 1853 2583 velis.

291 2627 334 2672 3.
373 2609 470 2659 Sed
505 2610 639 2668 haee,
666 2627 789 2674 quae
826 2627 971 2674 supra
1006 2611 1180 2673 scripta
1212 2618 1335 2669 sunt,
1370 2625 1429 2658 eo
1467 2621 1697 2674 spectant,
1722 2622 1773 2662 ut
1807 2624 1853 2665 te

288 2691 446 2739 horter
471 2701 517 2740 et
543 2693 799 2741 suadeam:
832 2694 1014 2756 reliqua
1038 2701 1161 2746 sunt,
1184 2707 1307 2755 quae
1332 2693 1570 2754 pertinent
1593 2695 1655 2743 ad
1678 2711 1853 2758 rogan-

290 2773 420 2831 dum,
453 2782 504 2821 ut
542 2788 644 2822 non
681 2775 838 2822 solum
881 2783 962 2822 tua
1002 2789 1145 2822 causa
1187 2774 1270 2821 tibi
1318 2774 1568 2823 consilium
1614 2791 1693 2824 me
1741 2778 1854 2826 dare
