2040 3048
134 143 204 196 Ep.
232 131 323 202 54]
482 140 668 181 EPIST.
709 138 1100 179 ADATTICUM
1141 138 1266 177 vm.
1310 143 1357 194 3.
1612 136 1708 191 137

131 276 241 338 Age
264 275 374 326 iam,
396 288 507 321 cum
532 271 675 319 fratre
701 286 763 318 an
790 271 893 319 sine
919 286 978 318 eo
1004 285 1116 318 curn
1142 268 1275 316 filio?
1310 282 1372 315 an
1399 280 1498 329 quo
1524 263 1708 312 modo?

132 356 180 403 in
209 364 407 418 utraque
439 355 568 402 enim
600 369 650 401 re
680 367 871 401 summa
899 350 1155 399 difficultas
1188 350 1288 407 erit,
1316 362 1533 396 summus
1560 346 1707 393 animi

131 436 284 485 dolor.
357 434 455 494 Qui
497 443 657 483 autem
697 434 906 496 impetus
945 433 1069 481 illius
1111 432 1199 480 erit
1246 431 1296 478 in
1343 444 1435 479 nos
1484 429 1710 476 absentes

132 517 444 580 fortunasque
479 516 703 565 nostras?
774 515 949 563 Acrior
984 529 1133 576 quam
1169 513 1220 560 in
1256 520 1540 570 ceterorum,
1575 508 1709 572 quod

131 600 316 662 putabit
371 598 572 647 fortasse
627 598 677 646 in
729 597 872 645 nobis
919 595 1154 644 violandis
1203 594 1382 656 aliquid
1431 608 1483 641 se
1531 592 1710 639 habere

132 680 380 742 populare.
452 681 564 741 Age
600 679 710 736 iam,
744 679 832 727 has
868 678 1148 740 compedes,
1184 676 1352 734 fasces,
1379 675 1591 737 inquam,
1620 673 1711 721 hos

131 759 369 808 laureatos
416 761 584 810 efferre
633 777 693 809 ex
742 760 880 808 Italia
928 774 1077 822 quam,
1126 758 1384 806 molestum
1434 757 1532 804 est!
1614 753 1713 813 Qui

131 848 294 888 autem
318 841 454 889 locus
479 842 564 889 erit
588 842 731 889 nobis
756 849 896 899 tutus,
923 848 977 887 ut
1009 840 1105 887 iam
1136 838 1336 901 placatis
1368 846 1560 885 utamur
1592 833 1710 882 fiuc-

132 921 273 980 tibus,
298 930 410 970 ante
435 937 582 985 quam
608 923 670 971 ad
693 922 826 970 illum
844 921 1150 969 venerimus?
1184 935 1280 982 qua
1304 927 1466 967 autem
1491 924 1572 966 aut
1599 930 1712 979 quo,

133 1003 248 1050 nihil
288 1005 479 1051 scimus.
553 1004 596 1052 6.
645 1004 711 1051 At
751 1004 791 1052 si
816 1003 1034 1050 restitero
1075 1010 1123 1049 et
1162 1001 1302 1049 fuerit
1344 1001 1486 1048 nobis
1529 999 1579 1046 in
1621 998 1712 1045 hac

135 1093 269 1146 parte
293 1084 444 1142 locus,
484 1084 614 1133 idem
655 1085 830 1141 fecero,
869 1084 1003 1147 quod
1043 1084 1093 1131 in
1141 1082 1329 1131 Cinnae
1378 1081 1711 1130 dominatione

136 1165 398 1229 Philippus,
439 1167 573 1229 quod
620 1166 676 1214 L.
714 1166 931 1224 FlaccuS,
974 1165 1108 1228 quod
1151 1165 1214 1224 Q.
1253 1163 1463 1222 MuciuS‚
1507 1177 1709 1225 quoquo

136 1247 287 1295 modo
323 1264 382 1296 ea
417 1264 493 1296 res
529 1248 640 1296 huic
678 1249 877 1311 quidem
913 1248 1099 1305 cecidit,
1135 1247 1216 1310 qui
1254 1255 1418 1294 tamen
1453 1246 1519 1293 ita
1555 1245 1714 1293 dicere

135 1328 332 1388 solebat,
353 1344 405 1378 se
431 1330 480 1377 id
503 1329 605 1378 fore
623 1330 795 1388 videre,
818 1329 953 1392 quod
977 1328 1156 1376 factum
1182 1335 1269 1387 est,
1290 1328 1376 1375 sed
1400 1327 1542 1374 malle
1568 1342 1713 1389 quam

135 1419 371 1458 armatum
397 1411 460 1459 ad
484 1412 664 1474 patriae
683 1412 880 1459 moenia
897 1410 1141 1458 accedere.
1193 1410 1346 1457 Aliter
1364 1409 1710 1471 Thrasybulus,

135 1499 182 1540 et
205 1491 408 1541 fortasse
433 1493 604 1541 melius
617 1509 630 1554 ;
667 1493 754 1542 sed
779 1500 852 1541 est
877 1501 1007 1541 certa
1031 1491 1273 1556 quaedam
1298 1491 1376 1539 illa
1407 1490 1560 1539 Mucii
1592 1491 1712 1538 ratio

136 1582 279 1638 atque
327 1576 578 1634 sententia,
627 1584 699 1624 est
747 1575 825 1622 illa
872 1575 1017 1622 etiam
1067 1571 1332 1640 [Philippi]‚
1382 1581 1444 1632 et,
1494 1588 1607 1620 cum
1657 1573 1715 1620 sit

135 1671 349 1716 necesse,
377 1657 551 1705 servire
576 1657 785 1719 tempori
819 1665 866 1704 et
898 1671 999 1703 non
1033 1656 1248 1703 amittere
1282 1663 1489 1718 tempus,
1511 1669 1623 1703 cum
1657 1654 1716 1702 sit

135 1738 314 1786 datum.
400 1737 498 1786 Sed
545 1739 595 1786 in
643 1739 737 1787 hoc
783 1739 894 1800 ipso
942 1737 1124 1785 habent
1169 1744 1334 1785 tamen
1381 1737 1512 1785 idem
1559 1735 1713 1784 fasces

134 1819 431 1868 molestiam:
481 1820 542 1868 sit
581 1820 713 1867 enim
755 1820 898 1867 nobis
942 1820 1139 1877 amicus,
1178 1818 1314 1882 quod
1355 1819 1591 1866 incertum
1627 1826 1713 1876 est,

136 1902 222 1950 sed
252 1903 337 1950 sit:
376 1901 555 1949 deferet
590 1902 899 1965 triumphum.
974 1900 1089 1949 Non
1121 1902 1355 1963 accipere,
1377 1902 1410 1959 †
1436 1915 1498 1947 ne
1532 1900 1716 1962 pericu-

136 1984 293 2032 losum
318 1983 390 2042 sit,
416 1984 705 2032 invidiosum
729 1985 792 2032 ad
815 1985 986 2032 bonos.
1060 1981 1107 2031 O
1131 1998 1248 2040 rem,
1274 1982 1447 2044 inquiS,
1475 1981 1716 2029 difficilem

136 2074 183 2115 et
214 2066 625 2129 inexplicabilem!
662 2067 792 2130 atqui
826 2065 1114 2128 explicanda
1143 2072 1226 2112 est.
1302 2063 1435 2123 Quid
1461 2064 1591 2111 enim
1616 2063 1715 2111 fieri

136 2150 328 2213 potest?
367 2163 425 2197 ac
458 2164 518 2197 ne
543 2164 622 2196 me
647 2149 934 2197 existimaris
959 2147 1023 2195 ad
1046 2146 1346 2195 manendum
1371 2161 1478 2194 esse
1503 2162 1715 2210 propen-

137 2231 328 2288 siorem,
354 2230 487 2294 quod
520 2231 658 2293 plura
690 2231 739 2278 in
773 2245 882 2278 eam
913 2237 1100 2292 partem
1132 2229 1279 2277 verba
1313 2227 1522 2284 fecerim,
1558 2236 1718 2291 potest

137 2312 253 2381 fieri,
269 2313 401 2375 quod
421 2313 473 2360 fit
497 2313 546 2360 in
571 2313 732 2360 multis
756 2312 1136 2375 quaestionibus,
1153 2319 1205 2359 ut
1224 2326 1300 2360 res
1324 2311 1572 2359 verbosior
1597 2310 1718 2359 haec

137 2393 290 2452 fuerit,
316 2394 394 2442 illa
427 2395 596 2444 verior.
668 2394 831 2454 Quam
865 2395 931 2441 ob
956 2409 1058 2441 rem
1082 2401 1135 2440 ut
1160 2393 1373 2440 maxima
1396 2392 1456 2441 de
1482 2408 1533 2441 re
1558 2406 1716 2454 aequo

139 2475 302 2523 animo
329 2476 621 2540 deliberanti,
642 2477 707 2524 ita
731 2476 848 2524 mihi
874 2476 962 2524 des
988 2474 1244 2523 consilium
1271 2474 1425 2522 velim.
1480 2473 1647 2535 ‘Navis
1672 2481 1717 2521 et

140 2558 190 2604 in
233 2556 400 2623 Caieta
441 2565 512 2605 est
555 2565 722 2620 parata
762 2557 905 2605 nobis
953 2564 1000 2604 et
1048 2554 1304 2603 Brundisii.
1380 2565 1422 2617 7.
1465 2554 1562 2602 Sed
1604 2569 1717 2603 ecce

141 2638 294 2685 nuntii
314 2639 550 2686 scribente
566 2654 644 2686 me
663 2639 786 2687 haec
805 2638 911 2702 ipsa
930 2646 1078 2686 noctu
1098 2638 1147 2684 in
1169 2636 1370 2695 Caleno,
1388 2651 1502 2685 ecce
1521 2637 1714 2692 litterae,

141 2718 400 2768 Caesarem
441 2719 503 2768 ad
546 2718 828 2778 Corfinium,
869 2718 1142 2768 Domitium
1183 2718 1384 2767 Corfinii
1426 2735 1538 2767 cum
1577 2720 1716 2767 firmo

140 2801 351 2849 exercitu
399 2808 445 2848 et
492 2816 708 2865 pugnare
762 2802 998 2864 cupiente.
1071 2802 1188 2849 Non
1245 2809 1363 2864 puto
1419 2803 1563 2850 etiam
1622 2801 1716 2849 hoc
