2040 3048
123 108 190 158 Ep.
221 96 309 164 28.]
475 106 658 145 EPIST.
701 105 782 143 AD
819 105 1095 145 ATTJCUM
1132 106 1210 144 ιν.
1259 105 1337 162 15.
1631 106 1695 161 73

121 231 236 279 nihil
270 240 367 280 tam
395 268 405 280 .
432 268 442 280 .
473 267 484 280 .
508 246 675 280 verum
707 230 828 280 haec
864 239 914 279 tu
950 238 1110 279 tecum
1143 229 1334 277 habeto.
1409 227 1466 276 In
1504 226 1695 276 Andro-

121 312 292 362 macha
318 322 481 361 tamen
505 312 660 361 maior
685 311 771 360 fuit
797 328 944 376 quam
968 311 1232 374 Astyanax,
1259 310 1308 358 in
1335 309 1505 358 ceteris
1531 325 1697 372 parem

121 395 284 444 habuit
331 396 591 444 neminem.
674 394 880 455 Quaeris
929 409 1060 442 nunc
1108 394 1169 442 de
1211 392 1509 442 Arbuscula:
1561 391 1697 440 valde

120 478 310 540 placuit.
388 477 514 526 Ludi
555 477 801 540 magnifici
844 484 890 524 et
930 477 1068 539 grati.
1148 486 1192 537 7.
1228 474 1439 524 Venatio
1479 474 1528 522 in
1568 474 1696 522 aliud

119 567 310 623 tempus
357 559 515 608 dilata.
602 558 813 623 Sequere
856 573 986 607 nunc
1034 574 1112 606 me
1155 558 1205 605 in
1253 571 1509 620 campum:
1565 556 1698 605 ardet

119 642 355 701 ambitus;
408 645 523 702 σῆμα
559 643 609 687 δέ
651 661 716 687 τοι
763 641 880 702 ἐρέω.
977 640 1168 688 Faenus
1216 656 1275 688 ex
1316 640 1486 687 triente
1530 638 1695 687 Idibus

120 725 440 784 Quinctilibus
474 724 656 772 factum
685 732 787 772 erat
820 724 1053 771 bessibus.
1128 722 1276 771 Dices
1315 722 1464 770 ‘istuc
1498 722 1696 785 quidem

119 821 220 854 non
258 806 462 854 moleste
503 805 635 854 fer0.’
722 804 768 855 O
811 805 990 853 virum!
1045 804 1092 855 O
1136 805 1318 852 civeml
1406 803 1698 852 Memmium

119 887 339 936 Caesaris
386 902 559 936 omnes
607 902 728 952 opes
776 887 1095 947 confirmant3
1157 903 1269 936 cum
1317 901 1378 935 eo
1426 886 1698 935 Domitium

119 969 343 1018 consules
380 969 652 1027 iunxerunt,
695 984 792 1032 qua
832 970 1071 1032 pactione,
1114 969 1347 1032 epistolae
1396 969 1697 1017 committere

118 1066 220 1100 non
257 1052 429 1102 audeo.
500 1053 762 1117 Pompeius
798 1054 968 1112 fremit,
1014 1054 1238 1118 queritur,
1285 1053 1468 1103 Scauro
1511 1053 1697 1113 studet;

121 1134 207 1182 sed
247 1142 409 1183 utrum
449 1135 607 1184 fronte
645 1152 709 1184 an
744 1145 921 1197 mente,
959 1137 1214 1186 dubitatur.
1285 1138 1444 1196 Ἐξοχὴ
1479 1136 1529 1183 in
1569 1135 1700 1183 nullo

122 1226 225 1278 est,
280 1219 487 1280 pecunia
533 1220 754 1268 omnium
802 1220 1086 1283 dignitatern
1133 1227 1384 1282 exaequat.
1473 1218 1700 1267 Messalla

120 1299 329 1362 languet,
356 1315 458 1348 non
490 1316 589 1364 quo
623 1309 704 1349 aut
741 1302 933 1350 animus
970 1301 1093 1350 desit
1129 1310 1210 1349 aut
1245 1301 1400 1359 amici,
1434 1301 1520 1349 sed
1553 1301 1699 1349 coitio

121 1382 376 1430 consulum
400 1387 445 1431 el
465 1383 729 1446 Pompeius
763 1384 954 1432 obsunt.
1025 1383 1098 1432 Ea
1132 1384 1327 1432 comitia
1361 1391 1481 1446 puto
1512 1382 1616 1431 sore
1649 1391 1701 1429 ut

121 1463 371 1512 ducantur.
457 1463 724 1513 Tribunicii
796 1465 1037 1513 candidati
1103 1465 1317 1514 iurarunt
1387 1480 1438 1513 se
1509 1464 1702 1513 arbitrio

122 1546 322 1595 Catonis
357 1547 622 1610 petituros:
659 1547 791 1610 apud
827 1562 939 1594 eum
965 1546 1069 1595 HS.
1096 1547 1343 1611 quingena
1373 1547 1701 1610 deposuerunt

121 1637 186 1687 ut,
213 1628 294 1692 qui
319 1644 348 1676 a
373 1627 560 1677 Catone
587 1628 845 1677 damnatus
882 1637 1024 1687 esset,
1050 1628 1099 1676 id
1126 1629 1345 1691 perderet
1382 1635 1428 1677 et
1466 1628 1700 1691 competi-

121 1712 303 1760 toribus
327 1712 626 1760 tribueretur.
701 1714 742 1760 8.
783 1711 924 1760 Haec
949 1727 1044 1775 ego
1069 1712 1221 1776 pridie
1247 1712 1534 1772 scribebam,
1554 1727 1701 1775 quam

123 1794 318 1842 comitia
352 1792 455 1841 fore
491 1794 816 1856 putabantur;
854 1793 940 1842 sed
982 1793 1044 1842 ad
1079 1803 1140 1852 te,
1179 1794 1350 1857 quinto
1388 1793 1499 1842 Kal.
1539 1793 1699 1842 Sextil.

123 1875 161 1927 si
208 1875 333 1924 facta
387 1883 526 1923 erunt
573 1884 619 1924 et
666 1876 939 1924 tabellarius
998 1891 1099 1925 non
1159 1877 1245 1925 erit
1294 1876 1556 1940 profectuS,
1604 1885 1702 1926 tota

122 1958 316 2007 comitia
351 1957 662 2020 perscribam,
689 1973 814 2021 quae
848 1959 901 2017 si,
928 1966 980 2006 ut
1008 1967 1251 2022 putantur,
1276 1960 1483 2021 gratuita
1510 1959 1699 2018 fuerint,

122 2041 229 2104 plus
276 2055 401 2087 unus
450 2038 574 2088 Cato
622 2040 831 2102 potuerit
878 2056 1025 2104 quam
1072 2057 1222 2088 omnes
1267 2042 1384 2104 leges
1433 2056 1702 2104 omnesque

121 2123 315 2171 iudices.
388 2138 432 2184 9.
484 2121 696 2170 Messius
734 2121 1082 2171 defendebatur
1118 2139 1147 2171 a
1183 2124 1325 2172 nobis
1362 2123 1422 2172 de
1458 2123 1700 2187 legatione

123 2211 403 2264 revocatus3
453 2219 568 2252 nam
605 2218 718 2251 eum
754 2202 952 2253 Caesari
988 2205 1170 2269 legarat
1199 2206 1405 2268 AppiuS.
1481 2206 1702 2255 Servilius

122 2285 269 2334 edixit
316 2293 368 2333 ut
414 2285 613 2334 adesset.
689 2285 868 2334 Tribus
910 2287 1056 2335 habet
1098 2287 1423 2350 Pomptinam,
1458 2286 1700 2346 Vehnam,

123 2364 379 2416 Maeciam.
439 2365 687 2431 Pugnatur
711 2368 881 2416 acriter
898 2385 911 2428 ;
949 2370 1103 2432 agitur
1127 2378 1289 2418 tamen
1314 2370 1442 2418 satis.
1512 2369 1703 2418 Deinde

125 2465 204 2496 me
253 2449 460 2512 expedio
509 2451 571 2499 ad
613 2449 844 2509 Drusum,
888 2451 1000 2499 inde
1051 2452 1113 2499 ad
1159 2450 1426 2499 Scaurum:
1476 2459 1704 2513 parantur

124 2531 421 2579 orationibus
465 2531 649 2581 indices
695 2533 908 2595 gloriosi.
1004 2533 1229 2581 Fortasse
1277 2534 1510 2582 accedent
1557 2534 1703 2582 etiam

126 2612 350 2661 consules
390 2613 642 2676 designati,
681 2614 731 2662 in
771 2615 945 2678 quibus
986 2615 1025 2663 si
1071 2614 1277 2664 Scaurus
1320 2631 1422 2663 non
1463 2615 1616 2675 suerit,
1657 2616 1704 2663 in

125 2693 219 2741 hoc
267 2694 444 2742 iudicio
482 2695 618 2744 valde
666 2695 915 2745 laborabit.
1007 2712 1080 2744 10.
1121 2695 1195 2745 Ex
1235 2696 1296 2756 Q.
1340 2697 1494 2746 fratris
1542 2698 1706 2746 litteris

128 2775 345 2838 suspicor
387 2776 482 2823 iam
525 2791 636 2824 eum
679 2793 784 2825 esse
827 2777 876 2825 in
919 2776 1201 2826 Britannia:
1260 2793 1498 2842 suspenso
1542 2779 1706 2827 animo
