2040 3048
309 98 411 165 246
762 109 826 151 M.
874 108 1074 148 TULLII
1113 110 1428 150 CICERONIS
1707 100 1802 170 [Par
1827 113 1876 155 v,

307 242 583 291 Archilochi
626 243 830 301 iambus,
867 243 936 290 sic
976 242 1179 305 epistola
1219 249 1300 290 tua
1341 242 1625 306 longissima
1658 258 1878 307 quaeque
1959 243 1962 245 ’

306 324 492 387 optima
533 323 730 372 videtur.
804 323 953 383 Quod
992 340 1072 372 me
1115 324 1365 384 admones,
1404 335 1453 373 tu
1494 340 1607 373 vero
1649 327 1792 374 etiam
1839 326 1878 374 si

307 404 697 467 reprehendereS‚
734 422 835 455 non
871 405 1022 454 modo
1064 405 1202 455 facile
1244 414 1444 469 paterer,
1484 407 1568 455 sed
1604 408 1748 455 etiam
1782 408 1877 456 lae-

306 494 443 546 tarer,
480 487 659 550 quippe
697 503 808 536 cum
850 489 900 536 in
942 488 1317 552 reprehensione
1359 488 1419 537 sit
1466 488 1720 552 prudentia
1766 505 1878 538 cum

307 570 507 629 εὐμενείᾳ.
578 569 653 618 Ita
685 570 886 619 libenter
910 586 968 619 ea
993 571 1246 633 corrigam,
1272 585 1395 633 quae
1420 585 1448 618 a
1472 578 1518 618 te
1544 571 1878 621 animadversa

305 657 430 698 sunt.
502 647 721 700 ‘Eodem
764 653 878 711 iure,
916 668 1013 715 quo
1052 651 1320 700 Rubriana'
1357 652 1532 715 potiuS,
1569 667 1716 715 quam
1754 658 1879 716 ‘quo

306 729 577 794 Scipionis,’
610 741 657 781 et
693 733 754 781 de
789 733 1010 781 laudibus
1052 733 1333 781 Dolabellae
1376 734 1575 782 deruam
1616 735 1877 784 cumulum.

302 813 377 861 Ac
401 822 563 862 tamen
587 822 662 863 est
684 814 776 864 isto
801 815 911 863 loco
934 815 1074 873 bella,
1093 823 1144 863 ut
1169 815 1286 863 mihi
1310 815 1509 876 videtur,
1526 817 1728 877 εἰρωνεία,
1745 818 1879 882 quod

301 911 411 944 eum
436 903 508 945 ter
532 905 701 945 contra
725 897 852 946 cives
876 899 926 945 in
951 898 1065 946 acie.
1140 897 1267 946 Illud
1298 898 1444 946 etiam
1477 899 1607 948 malo
1633 902 1645 925 ‘
1662 902 1695 959 †
1719 900 1878 964 indig-

302 980 411 1026 nius
435 994 542 1027 esse
566 978 696 1027 hunc
715 980 869 1028 vivere
885 978 896 996 '
925 995 1072 1042 quam
1099 979 1244 1043 ‘quid
1274 980 1574 1043 indignius?'
1637 997 1680 1043 3.
1715 988 1879 1029 πεπλο·

302 1062 492 1123 γραφίαν
526 1059 763 1110 Varronis
803 1063 888 1111 tibi
929 1062 1124 1125 probari
1165 1078 1267 1111 non
1307 1062 1511 1112 moleste
1553 1063 1670 1123 fer0,
1708 1080 1737 1113 a
1777 1082 1877 1130 quo

302 1143 462 1192 adhuc
486 1146 819 1204 Ἠρακλείδειον
849 1144 965 1192 illud
997 1160 1099 1193 non
1130 1145 1316 1194 abstuli.
1390 1144 1541 1205 Quod
1570 1161 1648 1194 me
1671 1146 1876 1198 hortaris

300 1226 363 1274 ad
387 1225 713 1286 scribendum,
738 1227 892 1276 amice
918 1235 969 1275 tu
993 1227 1202 1290 quidem,
1228 1228 1317 1276 sed
1341 1243 1420 1287 me
1446 1228 1568 1276 scito
1593 1244 1735 1291 agere
1760 1231 1876 1280 nihil

300 1308 443 1357 aliud.
515 1306 743 1357 Gravedo
785 1318 867 1357 tua
909 1309 1027 1356 mihi
1067 1309 1272 1358 molesta
1310 1318 1411 1358 est:
1453 1325 1650 1373 quaeso,
1686 1311 1875 1373 adhibe,

299 1388 447 1453 quam
484 1390 624 1452 soles,
660 1390 969 1453 diligentiam.
1041 1391 1116 1440 ‘O
1151 1391 1284 1440 Tite’
1316 1392 1401 1440 tibi
1437 1393 1671 1455 prodesse
1705 1394 1872 1443 laetor.

299 1472 548 1535 Anagnini
583 1481 693 1520 sunt
730 1471 942 1521 Mustela
971 1474 1202 1534 ταξιάρχης
1234 1481 1281 1521 et
1317 1472 1463 1534 Laco,
1498 1476 1580 1538 qui
1616 1475 1874 1537 plurimum

299 1555 433 1602 bibit.
505 1553 719 1612 Librum,
760 1569 906 1616 quem
952 1569 1113 1617 rogas,
1155 1555 1425 1618 perpoliam
1466 1564 1514 1604 et
1554 1558 1755 1607 mittam.
1828 1575 1874 1617 4.

301 1637 442 1685 Haec
480 1637 543 1684 ad
588 1637 921 1699 posteriorem.
993 1639 1055 1682 Τὰ
1088 1637 1190 1698 περί
1226 1643 1301 1684 τοῦ
1339 1638 1602 1699 καθήκοντος,
1638 1649 1875 1702 quatenus

300 1710 570 1776 Panaetius,
597 1717 783 1766 absolvi
809 1718 1028 1766 duobus:
1064 1718 1188 1767 illius
1214 1727 1306 1768 tres
1334 1728 1457 1779 sunt,
1485 1721 1571 1769 sed
1596 1737 1708 1769 cum
1740 1723 1876 1771 initio

300 1802 533 1850 divisisset
557 1802 635 1859 ita,
652 1802 740 1848 tria
763 1816 943 1863 genera
967 1801 1249 1864 exquirendi
1274 1802 1418 1850 officii
1444 1818 1564 1861 esse,
1581 1819 1746 1862 unum,
1764 1820 1876 1853 cum

299 1883 631 1942 deliberemus,
675 1883 935 1931 honestum
982 1898 1046 1930 an
1093 1891 1230 1946 turpe
1280 1884 1352 1942 sit,
1393 1884 1609 1944 alterum,
1651 1886 1766 1934 utile
1813 1903 1876 1934 an

299 1965 476 2023 inutile,
501 1965 706 2023 tertium,
733 1979 846 2013 cum
879 1965 999 2013 haec
1024 1965 1146 2012 inter
1171 1980 1222 2013 se
1247 1981 1463 2028 pugnare
1487 1966 1751 2027 videantur,
1777 1985 1876 2032 quo

300 2046 450 2096 modo
483 2047 795 2095 iudicandum
830 2048 902 2107 sit,
930 2047 1083 2109 qualis
1115 2061 1263 2094 causa
1297 2047 1485 2109 Reguli,
1511 2049 1666 2097 redire
1698 2049 1875 2099 hones-

299 2138 417 2189 tum,
450 2144 647 2177 manere
682 2128 810 2187 utile,
844 2128 906 2177 de
940 2128 1128 2175 duobus
1162 2128 1329 2190 primis
1361 2130 1605 2191 praeclare
1640 2132 1874 2190 disseruit,

301 2212 361 2260 de
389 2212 530 2259 tertio
563 2210 816 2273 pollicetur
849 2225 900 2259 se
935 2211 1177 2271 deinceps,
1205 2210 1291 2258 sed
1323 2210 1439 2257 nihil
1472 2212 1674 2274 scripsit.
1745 2214 1875 2263 Eum

298 2294 460 2342 locum
508 2293 801 2341 Posidonius
850 2301 1129 2355 persecutus
1176 2298 1241 2339 est
1253 2310 1275 2350 ,·
1329 2307 1422 2355 ego
1471 2303 1632 2343 autem
1678 2304 1727 2344 et
1772 2299 1875 2346 eius

298 2377 470 2424 librum
494 2376 717 2424 arcessivi
745 2384 792 2423 et
815 2375 878 2423 ad
903 2374 1274 2423 Athenodorum
1300 2374 1503 2423 Calvum
1529 2378 1711 2439 scripsi,
1737 2387 1789 2427 ut
1813 2381 1875 2429 ad

299 2474 379 2506 me
424 2459 477 2503 τὰ
522 2460 736 2517 κεφάλαια
787 2457 1006 2516 mitteret,
1057 2471 1181 2518 quae
1230 2467 1458 2519 exspecto
1477 2475 1491 2519 3
1541 2474 1687 2522 quem
1735 2461 1875 2509 velim

300 2539 549 2587 cohortere
574 2547 621 2587 et
645 2553 803 2601 roges,
829 2547 883 2586 ut
908 2554 1054 2602 quam
1087 2539 1310 2601 primum.
1381 2540 1441 2587 In
1474 2555 1534 2588 eo
1566 2549 1639 2589 est
1669 2545 1767 2604 περὶ
1798 2547 1876 2589 τοῦ

300 2623 404 2667 κατὰ
440 2622 698 2682 περίστασιν
739 2622 1001 2679 καθήκοντος.
1088 2619 1237 2679 Quod
1276 2622 1336 2669 de
1375 2622 1685 2685 inscriptione
1726 2640 1874 2687 quae-

300 2703 377 2759 ris,
418 2717 519 2750 non
557 2702 723 2750 dubito
756 2703 873 2765 quin
905 2704 1083 2761 καθῆκον
1118 2702 1384 2750 ‘officium'
1427 2704 1499 2762 sit,
1539 2704 1630 2752 nisi
1668 2706 1784 2768 quid
1822 2715 1874 2755 tu

300 2783 443 2840 aliud,
471 2782 557 2832 sed
581 2784 826 2845 inscriptio
850 2783 1036 2846 plenior
1061 2787 1073 2808 ‘
1090 2783 1149 2832 de
1174 2772 1371 2834 officiis!¹
1430 2790 1688 2847 Προσφωνῶ
1712 2795 1874 2836 autem
