2040 3048
110 142 178 192 Ep.
208 128 295 198 24]
435 137 617 178 EPIST.
659 138 740 178 AD
780 137 978 190 QUINT.
1016 135 1191 178 ERAT.
1236 140 1295 175 ιι.
1337 144 1385 191 4.
1613 125 1682 195 ⁶3

276 357 351 402 24.
425 353 521 400 AD
576 351 911 413 QUINTUM
965 350 1301 400 FRATREM
1352 350 1417 398 Η.
1474 365 1517 410 4.

348 447 454 498 SCR.
495 448 676 497 ROMAE
710 464 868 497 MENSE
905 448 1111 498 MAR'rlo
1147 463 1286 496 A.u.c.
1327 449 1439 508 698.

443 552 633 586 MARCUS
668 552 850 592 Qumro
886 552 1066 585 FRATRr
1099 551 1338 585 SALUTEM.

180 649 219 682 1.
258 633 455 683 SEsTms
489 641 655 682 noster
690 633 937 682 absolutus
974 642 1046 682 est
1081 649 1122 681 a.
1158 633 1202 680 d.
1234 647 1279 680 v.
1317 632 1434 679 Idus
1468 630 1684 690 Martias,

105 723 167 774 et,
201 716 334 779 quod
369 716 676 765 vehementer
708 711 919 765 interfuit
953 715 1021 763 rei
1054 715 1290 778 publicae,
1314 708 1504 761 vnullam
1535 714 1685 762 videri

106 799 156 846 in
180 798 282 847 eius
305 798 610 848 modi'causa
644 798 999 847 dissensionem
1036 813 1156 857 esse,
1183 797 1412 845 omnibus
1438 795 1685 844 sententiis

107 880 354 928 absolutus
390 889 473 942 est.
548 880 686 938 Illud,
723 880 857 944 quod
891 879 975 928 tibi
1011 895 1153 928 curae
1196 893 1343 940 saepe
1390 893 1497 926 esse
1545 877 1682 924 intel-

106 958 328 1016 lexeram,
366 974 426 1007 ne
456 959 532 1007 cui
567 958 734 1023 iniquo
765 960 1145 1023 relinqueremus
1176 956 1477 1020 vituperandi
1505 955 1683 1013 locum,

107 1041 189 1104 qui
236 1056 329 1089 nos
376 1036 590 1104 ingratos
638 1057 743 1090 esse
786 1042 978 1099 diceret,
1019 1039 1110 1089 nisi
1153 1039 1276 1087 illius
1324 1038 1684 1102 perversitatem

109 1113 398 1186 Quibusdam
433 1123 496 1184 in>
517 1122 660 1172 rebus
696 1139 844 1187 quam
881 1120 1230 1171 humanissime
1271 1120 1519 1177 ferremus,
1564 1119 1686 1166 scito

109 1205 202 1253 hoc
254 1221 346 1254 nos
399 1207 449 1254 in
499 1221 558 1254 eo
611 1206 787 1254 iudicio
840 1213 1130 1254 consecutos
1183 1219 1304 1261 esse,
1359 1210 1413 1249 ut
1465 1202 1684 1249 omnium

108 1287 364 1347 gratissimi
393 1288 711 1336 iudicaremur
729 1304 742 1347 ;
779 1304 894 1336 nam
929 1286 1236 1335 defendendo
1269 1298 1468 1332 moroso
1502 1282 1686 1330 homini

109 1367 480 1433 cumulatissime
528 1369 642 1418 satis
689 1369 907 1428 fecimus,
955 1377 1016 1428 et,
1065 1367 1113 1416 id
1161 1366 1296 1431 quod
1345 1366 1421 1414 ille
1474 1366 1685 1412 maxime

109 1451 345 1514 cupiebat,
371 1451 633 1510 Vatinium,
660 1468 689 1501 a
717 1451 816 1516 quo
846 1452 1007 1515 palam
1040 1446 1429 1514 oppugnabatur,
1461 1448 1687 1496 arbitratu

108 1542 275 1582 nostro
302 1534 604 1583 concidimus
628 1536 701 1584 dis
724 1534 1099 1597 hominibusque
1129 1531 1480 1596 plaudentibus.
1555 1529 1687 1589 Quin

108 1617 252 1664 etiam
291 1616 468 1665 Paulus
504 1626 669 1666 noster
708 1633 820 1665 cum
858 1616 992 1664 testis
1025 1616 1291 1679 productus
1327 1621 1456 1662 esset
1491 1613 1541 1661 in
1576 1610 1686 1661 Sesl-

108 1699 241 1757 tium,
280 1699 581 1748 confirmavit
617 1715 668 1749 se
706 1715 888 1748 nomen
912 1697 1094 1748 Vatinii
1123 1697 1407 1755 delaturum,
1443 1696 1483 1745 si
1520 1693 1689 1744 Macer

106 1780 320 1833 Licinius
345 1784 663 1839 cunctaretur,
690 1789 738 1829 et
762 1780 931 1829 Macer
955 1782 1017 1828 ab
1045 1779 1186 1829 Sestii
1218 1778 1453 1827 subselliis
1487 1777 1689 1826 surrexit

106 1871 162 1910 ac
216 1879 266 1912 se
319 1863 381 1911 illi
433 1879 534 1912 non
589 1863 863 1912 defuturum
913 1863 1193 1912 adfirmavit.
1280 1859 1413 1919 Quid
1460 1851 1688 1922 quaeris?

107 1945 257 1994 homo
303 1946 527 2008 ,petulans
575 1954 622 1994 et
669 1946 828 1994 audax
878 1941 1145 2011 [Vatinius]
1195 1943 1333 1992 valde
1382 1942 1688 2004 perturbatus

109 2027 473 2091 debilitatusque
510 2028 740 2076 discessit.
817 2043 860 2076 2.
898 2025 1108 2086 Quintus
1144 2035 1269 2084 tuus,
1304 2040 1424 2088 puer
1460 2024 1687 2088 optimus,

108 2109 318 2157 eruditur
351 2109 575 2171 egregie:
611 2107 708 2157 hoc
731 2124 861 2157 nunc
885 2108 1042 2170 magis
1067 2108 1285 2156 animum
1310 2107 1523 2164 adverto,
1555 2104 1689 2168 quod

108 2188 358 2253 Tyrannio
398 2190 542 2239 docet
589 2189 719 2254 apud
767 2207 860 2239 me.
932 2189 1124 2239 Domus
1172 2189 1418 2253 utriusque
1466 2195 1687 2246 nostrum

107 2272 385 2321 aedificatur
414 2281 621 2321 strenue.
655 2276 658 2278 ’
693 2271 1014 2334 Redemptori
1046 2280 1131 2321 tuo
1169 2271 1423 2319 dimidium
1455 2270 1689 2333 pecuniae

109 2354 281 2403 curavi.
354 2353 508 2419 Spero
534 2370 625 2403 nos
651 2362 763 2402 ante
788 2354 998 2402 hiemem
1030 2351 1400 2402 contubernales
1425 2352 1541 2401 fore.
1611 2350 1688 2399 De

109 2443 274 2487 'nostra
320 2436 514 2501 Tullia„
543 2437 611 2484 tui
658 2435 932 2485 mehercule
988 2436 1334 2494 amantissima,
1383 2449 1527 2496 spero
1578 2450 1689 2483 cum

111 2516 398 2581 Crassipede
447 2533 539 2566 nos
579 2517 859 2566 confecisse.
935 2517 1054 2565 Dies
1103 2526 1237 2565 erant
1287 2518 1399 2574 duo,
1449 2515 1529 2578 qui
1579 2524 1691 2577 post

109 2598 308 2647 Latinas
355 2598 594 2647 habentur
641 2600 886 2662 religiosi,
944 2610 1158 2648 ceterum
1205 2598 1483 2648 confectum
1531 2594 1691 2646 Latiar

109 2688 220 2728 erat.
