2040 3048
294 94 394 149 150
738 93 801 135 M.
844 92 1046 131 TULLII
1082 94 1394 133 CICERONIS
1643 86 1757 153 [Pars
1785 98 1859 140 111.

289 222 457 271 Idibus
503 238 532 270 a
577 237 656 270 me
705 221 951 284 profectus
999 231 1098 270 est:
1150 238 1210 271 eo
1259 225 1409 272 serius
1455 224 1517 273 ad
1558 233 1690 273 tuam
1733 225 1860 273 illam

287 304 555 367 epistolam,
606 304 682 349 cui
730 317 824 364 ego
873 303 1031 351 statim
1089 304 1441 366 rescripseram,
1490 306 1702 355 redditae
1750 315 1860 355 sunt

286 399 423 432 meae
448 384 645 431 litterae.
715 383 792 431 De
825 383 1059 438 Domitio,
1085 392 1137 432 ut
1172 386 1353 443 scribiS,
1379 386 1445 434 ita
1468 387 1642 450 opinor
1665 403 1784 447 esse,
1809 396 1861 436 ut

287 474 334 512 et
368 466 419 512 in
454 464 653 513 Cosano
690 465 750 513 sit
785 472 834 513 et
867 465 1123 514 consilium
1158 466 1260 514 eius
1296 467 1557 530 ignoretur.
1629 468 1727 518 Iste
1751 484 1856 518 orn·

286 548 420 595 nium
444 547 747 610 turpissimus
779 556 826 595 et
856 547 1228 607 sordidissimus,
1255 549 1337 612 qui
1367 550 1635 598 consularia
1665 552 1860 600 comitia

285 645 313 676 a
347 631 568 691 praetore
595 629 660 676 ait
697 628 863 677 haberi
906 643 1067 692 posse,
1093 639 1166 678 est
1201 630 1345 688 idem,
1372 632 1454 694 qui
1495 647 1689 695 semper
1722 634 1773 681 in
1808 649 1859 681 re

284 707 479 771 publica
503 706 603 755 fuit.
679 707 851 770 Itaque
885 708 1112 756 nimirum
1144 708 1239 757 hoc
1271 709 1385 757 illud
1411 718 1496 770 est,
1523 712 1656 773 quod
1681 709 1860 760 Caesar

285 789 449 837 scribit
471 789 521 835 in
540 804 597 836 ea
622 789 851 851 epistola,
868 789 1004 837 cuius
1037 790 1316 852 exemplum
1350 791 1413 839 ad
1443 800 1490 840 te
1515 793 1636 851 misi,
1663 808 1714 842 se
1738 793 1858 842 velle

284 871 352 918 uti
398 870 655 919 ‘consilio'
715 885 859 930 meo;
919 885 1023 932 age,
1084 879 1217 920 esto:
1275 872 1370 920 hoc
1428 888 1689 922 commune
1749 883 1856 935 est;

287 955 298 976 ‘
317 951 500 1014 gratia,
519 951 531 970 '
568 951 787 1013 ineptum
826 951 877 999 id
912 952 1123 1014 quidem,
1150 952 1248 1012 sed,
1274 962 1407 1015 put0‚
1435 955 1531 1003 hoc
1569 957 1759 1005 simulat
1794 957 1857 1005 ad

284 1033 520 1096 quasdam
538 1040 814 1081 senatorum
840 1034 1100 1082 sententias
1114 1050 1126 1093 ;
1166 1038 1177 1059 ‘
1197 1034 1431 1097 dignitate
1450 1035 1482 1096 ;'
1520 1035 1721 1086 fortasse
1746 1048 1856 1086 sen-

285 1115 433 1162 tentia
465 1114 720 1162 consulari.
793 1113 918 1162 Illud
949 1123 1219 1164 extremum
1255 1125 1341 1176 est,
1368 1124 1491 1179 ‘ope
1528 1120 1748 1166 omnium
1782 1135 1856 1167 re-

285 1192 442 1254 rum;'
478 1195 528 1242 id
561 1209 655 1257 ego
689 1195 922 1257 suspicari
947 1197 1088 1259 coepi
1113 1204 1215 1245 turn
1247 1212 1308 1245 ex
1344 1199 1434 1245 tuis
1469 1199 1633 1247 litteris
1658 1208 1739 1248 aut
1762 1200 1857 1248 hoc

284 1279 445 1339 ipsum
492 1291 599 1325 esse
643 1285 725 1325 aut
766 1291 869 1324 non
904 1277 1056 1326 multo
1099 1294 1265 1327 secus:
1313 1295 1428 1328 nam
1470 1282 1722 1343 permagni
1758 1281 1858 1329 eius

284 1359 481 1408 interest
504 1373 607 1405 rem
634 1358 697 1406 ad
721 1358 1050 1420 interregnum
1074 1374 1175 1407 non
1199 1362 1360 1409 venire
1378 1379 1390 1421 ;
1429 1363 1477 1410 id
1501 1363 1792 1426 adsequitur,
1819 1364 1859 1410 si

284 1455 371 1503 per
410 1447 687 1502 praetorem
726 1439 951 1487 consules
992 1448 1226 1490 creantur.
1298 1443 1405 1491 Nos
1442 1452 1602 1492 autem
1641 1444 1856 1495 inlibris

284 1522 522 1570 habemus
548 1536 651 1569 non
675 1521 826 1568 modo
850 1521 1074 1571 consules
1098 1538 1126 1570 a
1148 1532 1384 1586 praetore,
1411 1526 1497 1574 sed
1522 1541 1582 1573 ne
1614 1533 1859 1587 praetores

286 1603 482 1667 quidem
532 1603 682 1651 creari
729 1603 802 1651 ius
841 1618 963 1662 esse,
1004 1604 1150 1667 idque
1197 1606 1377 1655 factum
1415 1623 1522 1655 esse
1564 1623 1858 1670 numquam3

286 1685 509 1733 consules
538 1699 598 1733 eo
625 1699 728 1733 non
753 1700 859 1733 esse
883 1686 972 1745 ius,
1006 1688 1139 1750 quod
1163 1689 1317 1736 maius
1342 1689 1597 1751 imperium
1623 1704 1651 1736 a
1675 1690 1859 1737 minore

286 1767 443 1828 rogari
469 1782 570 1814 non
605 1767 666 1814 sit
700 1767 789 1825 iuS,
814 1775 1060 1830 praetores
1096 1777 1269 1829 autem,
1297 1785 1409 1817 curn
1443 1771 1509 1818 ita
1539 1778 1782 1832 rogentur,
1808 1779 1861 1818 ut

287 1847 501 1911 collegae
550 1849 831 1897 consulibus
879 1850 986 1904 sint,
1029 1865 1236 1913 quorum
1273 1859 1346 1900 est
1391 1852 1545 1900 maius
1587 1854 1855 1914 imperium.

288 1929 455 1977 Aberit
484 1945 587 1978 non
619 1930 767 1992 longe
805 1932 923 1993 quin
958 1933 1054 1981 hoc
1078 1948 1107 1980 a
1129 1948 1207 1981 me
1245 1933 1438 1981 decerni
1475 1934 1585 1982 velit
1619 1949 1777 1997 neque
1801 1935 1860 1984 sit

288 2019 544 2059 contentus
571 2011 742 2069 Galba,
770 2011 1013 2072 Scaevola,
1042 2013 1227 2073 Cassio,
1254 2014 1499 2062 Antonio:

717 2104 813 2144 τότε
841 2120 907 2155 μοι
935 2106 1053 2157 χάνοι
1083 2107 1212 2159 εὐρεῖα
1239 2107 1373 2159 χθὼνῐ

288 2187 374 2235 sed
409 2193 591 2250 quanta
626 2195 887 2249 tempestas
928 2189 1221 2250 impendeat,
1256 2188 1404 2236 vides.
1476 2205 1521 2248 4.
1557 2188 1656 2248 Qui
1690 2191 1859 2238 transi-

286 2269 408 2317 erint
443 2276 703 2326 senatores,
730 2269 937 2316 scribam
962 2268 1024 2316 ad
1048 2277 1108 2327 te,
1134 2284 1245 2317 cum
1281 2279 1463 2317 certum
1497 2270 1705 2319 habebo.
1781 2271 1859 2319 De

285 2366 336 2398 re
359 2350 668 2398 frumentaria
692 2358 821 2398 recte
853 2350 1101 2412 intellegis,
1127 2365 1251 2412 quae
1287 2352 1418 2400 nullo
1447 2353 1597 2400 modo
1631 2353 1858 2401 adminis-

285 2431 396 2478 trari
432 2431 536 2478 sine
569 2430 880 2494 vectigalibus
915 2439 1090 2494 potest,
1118 2447 1208 2480 nec
1246 2433 1348 2480 sine
1384 2448 1530 2481 causa
1564 2442 1612 2481 et
1648 2449 1748 2492 eos,
1774 2434 1858 2496 qui

286 2513 466 2560 circum
491 2513 625 2560 illum
651 2521 778 2572 sunt,
805 2514 968 2560 omnia
1001 2513 1300 2575 postulantes
1329 2523 1376 2562 et
1407 2515 1587 2563 bellurn
1620 2516 1855 2562 nefarium

286 2595 436 2642 times.
511 2594 796 2643 Trebatium
844 2604 1077 2655 nostrum,
1115 2596 1216 2654 etsi,
1256 2604 1308 2643 ut
1346 2597 1525 2655 scribis,
1568 2596 1684 2643 nihil
1731 2598 1856 2644 bene

287 2684 460 2738 sperat,
502 2684 665 2724 tamen
706 2675 869 2733 videre
909 2691 1026 2725 sane
1063 2677 1204 2724 velim
1222 2693 1234 2736 ;
1273 2692 1418 2740 quem
1455 2676 1531 2725 fac
1566 2677 1768 2725 horteris
1803 2687 1855 2725 ut

284 2765 510 2818 properet
523 2773 536 2816 ,·
573 2766 846 2820 opportune
870 2759 1000 2806 enim
1025 2758 1086 2806 ad
1111 2758 1325 2806 meante
1351 2758 1608 2806 adventurn
1633 2757 1854 2808 Caesaris
