2040 3048
82 134 149 185 Ep.
181 120 266 191 26.]
431 129 616 169 EPIST.
657 128 738 167 AD
774 128 1147 168 FAMILIARES
1184 130 1222 167 I.
1264 130 1312 183 7.
1585 116 1651 183 67

80 257 300 305 habitura
324 254 551 313 videatur,
578 261 630 302 ut
649 252 999 301 Alexandriam
1025 260 1168 316 atque
1188 253 1467 316 Aegyptum
1493 260 1657 300 tenere

81 339 254 401 possis,
281 351 388 385 esse
413 344 459 384 et
485 344 594 383 tuae
620 343 666 382 et
691 335 843 383 nostri
868 336 1057 398 imperii
1082 334 1342 398 dignitatis,
1362 333 1659 382 Ptolemaide

82 428 162 467 aut
195 419 356 480 aliquo
386 418 662 480 propinquo
695 417 806 465 loco
843 432 956 479 rege
995 416 1253 465 conlocato
1282 424 1328 464 te
1359 431 1472 464 cum
1509 415 1663 462 classe

82 511 225 563 atque
261 500 473 548 exercitu
507 499 746 561 proficisci
771 498 1134 558 Alexandriam,
1160 506 1226 557 ut,
1253 514 1363 546 eam
1396 513 1509 546 cum
1542 512 1664 560 pace

83 582 431 647 praesidiisque
465 581 682 639 firmaris,
707 580 1014 629 Ptolemaeus
1047 581 1213 629 redeat
1241 581 1292 629 in
1324 595 1562 643 regnum3
1601 580 1666 628 ita

83 665 201 724 fore,
236 672 290 713 ut
324 672 372 712 et
407 678 493 726 per
532 671 578 711 te
617 663 905 718 restituatur,
936 678 1085 725 quem
1121 663 1183 711 ad
1221 663 1427 711 modum
1470 670 1667 711 senatus

84 748 218 795 initio
260 746 460 804 censuit,
503 753 552 793 et
598 746 703 794 sine
750 745 1054 793 multitudine
1102 745 1371 803 reducatur,
1410 759 1558 807 quem
1604 745 1667 792 ad

85 830 287 878 modum
321 828 545 876 homines
585 827 797 890 religiosi
833 827 1041 890 Sibyllae
1078 828 1270 890 placere
1308 827 1543 875 dixerunt.
1622 838 1664 887 5.

89 912 187 961 Sed
219 911 339 958 haec
372 910 609 958 sententia
645 909 715 958 sic
747 917 795 957 et
830 909 895 957 illi
927 917 975 957 et
1007 910 1151 958 nobis
1188 910 1499 972 probabatur,
1526 915 1577 957 ut
1608 924 1668 957 ex

88 1002 260 1043 eventu
285 992 509 1040 homines
534 991 594 1040 de
622 999 707 1040 tuo
743 991 945 1040 consilio
983 992 1344 1040 existimaturos
1368 992 1668 1040 videremus:

90 1078 129 1126 si
159 1075 424 1132 cecidisset,
450 1082 502 1122 ut
525 1074 748 1122 volumus
773 1082 821 1122 et
845 1082 1088 1138 optamus,
1114 1089 1289 1123 omnes
1314 1083 1361 1123 te
1395 1081 1442 1122 et
1478 1074 1669 1137 sapien-

90 1167 160 1207 ter
200 1165 249 1206 et
286 1156 482 1215 fortiter,
513 1157 554 1204 si
587 1156 766 1219 aliquid
799 1164 927 1204 esset
963 1156 1222 1215 offensum,
1250 1156 1452 1204 eosdem
1480 1155 1587 1204 illos
1624 1164 1671 1204 et
1694 1196 1705 1206 .

92 1240 267 1302 cupide
291 1246 339 1287 et
369 1246 549 1285 temere
581 1237 752 1285 fecisse
789 1237 1017 1286 dicturos.
1089 1238 1205 1298 Qua
1235 1253 1287 1286 re
1321 1237 1438 1300 quid
1469 1238 1671 1301 adsequi

91 1322 265 1386 possis,
291 1334 393 1368 non
417 1328 518 1367 tam
542 1319 679 1367 facile
704 1327 777 1366 est
801 1320 943 1367 nobis
969 1335 1117 1382 quam
1140 1321 1241 1378 tibi,
1269 1321 1404 1368 cuius
1437 1335 1592 1383 prope
1622 1321 1672 1368 in

93 1411 360 1466 conspectu
385 1402 639 1464 Aegyptus
664 1409 751 1459 est,
777 1401 1000 1450 iudicare.
1089 1401 1197 1451 Nos
1222 1403 1420 1466 quidem
1444 1403 1539 1451 hoc
1565 1418 1673 1451 sen-

93 1487 251 1543 timus,
285 1485 325 1532 si
360 1484 666 1547 exploratum
702 1484 789 1531 tibi
825 1485 885 1532 sit
921 1499 1068 1546 posse
1102 1492 1149 1532 te
1185 1485 1309 1533 illius
1343 1486 1482 1547 regni
1513 1486 1672 1549 potiri,

94 1581 195 1615 non
231 1580 338 1614 esse
372 1565 730 1624 cunctandum;
774 1565 813 1613 si
851 1565 1051 1613 dubium
1092 1566 1166 1624 sit,
1204 1581 1307 1614 non
1346 1581 1451 1615 esse
1491 1581 1672 1615 conan-

96 1650 226 1697 dum.
320 1647 446 1695 Illud
492 1647 576 1694 tibi
624 1647 843 1706 adfirmo,
894 1649 934 1696 si
982 1664 1086 1696 rem
1132 1649 1273 1696 istam
1329 1666 1390 1698 ex
1439 1651 1675 1699 sententia

96 1730 316 1794 gesseris,
333 1729 436 1777 fore
460 1738 512 1777 ut
538 1730 715 1776 absens
740 1745 769 1776 a
792 1730 968 1789 multis,
989 1746 1101 1778 cum
1125 1732 1322 1780 redieris
1347 1734 1408 1780 ab
1433 1733 1675 1790 omnibus,

97 1811 402 1862 conlaudere.
463 1810 806 1860 Offensionem
831 1827 936 1859 esse
962 1812 1285 1875 periculosam
1310 1822 1509 1877 propter
1533 1815 1677 1863 inter-

98 1894 307 1958 positam
331 1893 666 1940 auctoritatem
690 1893 1073 1957 religionemque
1096 1895 1238 1943 video
1256 1911 1269 1955 3
1307 1896 1395 1944 sed
1419 1911 1514 1958 ego
1540 1904 1601 1956 te,
1627 1907 1679 1945 ut

100 1976 162 2025 ad
198 1983 379 2023 certam
413 1974 609 2023 laudem
644 1973 890 2033 adhortor,
931 1977 999 2024 sic
1042 1992 1071 2023 a
1110 1977 1418 2026 dimicatione
1460 1978 1679 2027 deterreo

99 2059 344 2120 redeoque
391 2057 454 2104 ad
496 2055 626 2116 illud,
666 2057 802 2119 quod
848 2058 982 2105 initio
1031 2059 1212 2121 scripsi,
1257 2059 1404 2107 totius
1451 2060 1564 2109 facti
1611 2063 1679 2110 tui

101 2141 332 2189 iudicium
385 2154 486 2187 non
533 2146 634 2187 tam
687 2154 747 2187 ex
803 2140 1008 2188 consilio
1064 2149 1149 2189 tuo
1203 2156 1352 2204 quam
1399 2157 1459 2190 ex
1507 2151 1682 2192 eventu

103 2223 327 2271 homines
387 2237 494 2270 esse
552 2222 775 2271 facturos.
875 2224 919 2271 6.
980 2222 1132 2282 Quod
1184 2223 1223 2272 si
1270 2224 1392 2273 haec
1439 2227 1561 2274 ratio
1615 2228 1682 2275 rei

105 2305 348 2367 gerendae
379 2304 649 2367 periculosa
681 2305 766 2352 tibi
802 2320 908 2353 esse
935 2305 1183 2364 videbitur,
1209 2306 1431 2369 placebat
1461 2307 1592 2366 illud,
1619 2319 1684 2367 ut,

107 2388 147 2435 si
184 2402 269 2434 rex
308 2387 475 2435 amicis
512 2386 618 2445 tuis,
653 2387 735 2449 qui
776 2402 863 2449 per
902 2389 1201 2450 provinciam
1244 2397 1388 2452 atque
1430 2390 1685 2452 imperium

108 2476 244 2516 tuum
267 2468 499 2530 pecunias
525 2468 569 2516 ei
594 2468 920 2527 credidissent,
948 2469 1095 2517 fidem
1121 2485 1260 2518 suam
1286 2472 1614 2533 praestitisset,
1641 2482 1688 2522 et

109 2549 294 2597 auxiliis
324 2564 436 2596 eum
468 2550 560 2598 tuis
593 2558 641 2597 et
676 2550 830 2613 copiis
864 2551 1144 2611 adiuvares;
1184 2567 1293 2600 eam
1327 2568 1434 2601 esse
1467 2562 1688 2603 naturam

110 2639 158 2677 et
181 2629 432 2690 regionem
456 2630 730 2692 provinciae
755 2639 880 2690 tuae,
906 2641 960 2679 ut
983 2632 1106 2680 illius
1130 2633 1338 2681 reditum
1362 2634 1436 2682 vel
1459 2636 1689 2685 adiuvan-

113 2711 177 2758 do
204 2710 516 2758 confirmares
548 2712 621 2759 vel
658 2713 965 2775 neglegendo
1002 2715 1275 2777 impedires.
1347 2716 1406 2764 In
1430 2718 1522 2766 hac
1546 2720 1691 2767 ratio·

114 2805 176 2839 ne
212 2791 327 2855 quid
362 2807 452 2850 τες,
490 2794 607 2855 quid
645 2809 805 2853 causa,
843 2796 959 2857 quid
994 2804 1186 2859 tempus
1220 2797 1352 2857 ferat,
1380 2807 1433 2847 tu
1469 2799 1691 2848 facillime

864 2892 890 2924 F
919 2892 942 2923 2
