2040 3048
298 116 366 169 62
756 126 819 168 M.
865 126 1060 166 TULLII
1098 126 1407 166 CICERONIS
1670 113 1785 181 [Pars
1811 123 1864 163 11.

296 257 649 321 gratissimique
708 265 755 305 et
812 256 904 318 ipsi
970 263 1017 303 et
1075 255 1303 303 omnibus
1363 254 1646 310 videremur,
1704 252 1866 313 itaque

298 338 542 387 faciemus.
616 338 713 386 Sed
758 338 887 385 idem
935 337 1111 388 Nerius
1158 337 1303 385 index
1351 336 1498 384 edidit
1534 335 1597 383 ad
1632 334 1867 396 adligatos

298 419 388 467 Cn.
413 419 672 468 Lentulum
692 419 885 467 Vatiam
908 426 955 469 et
979 417 1035 467 C.
1055 418 1336 467 Cornelium
1356 434 1366 466 ε
1393 417 1426 474 Ἰ·
1445 418 1537 466 ista
1559 417 1616 465 ei.
1676 416 1867 464 Eodem

298 503 374 550 die
412 511 605 550 senatus
641 502 918 550 consultum
953 501 1134 549 factum
1166 511 1251 559 est,
1287 509 1339 549 ut
1373 500 1647 548 sodalitates
1683 498 1869 546 decuri-

297 584 456 646 atique
505 584 819 641 discederent,
868 584 1041 646 lexque
1083 583 1143 630 de
1187 583 1243 632 iis
1292 582 1501 638 ferretur,
1548 589 1616 639 ut,
1651 580 1734 642 qui
1768 594 1870 629 non

298 666 646 724 discessissent,
700 681 759 713 ea
806 680 980 728 poena,
1037 680 1159 728 quae
1219 672 1292 713 est
1349 664 1409 711 de
1461 663 1520 720 vi,
1582 669 1869 710 tenerentur.

300 749 343 796 6.
381 749 439 796 A.
467 748 510 796 d.
538 763 616 798 111.
641 747 757 796 Idus
793 747 932 797 Febr.
969 747 1067 795 dixi
1104 762 1192 809 pro
1228 745 1390 794 Bestia
1426 745 1486 793 de
1522 744 1705 793 ambitu
1739 742 1871 804 apud

298 838 570 892 praetorem
606 828 697 878 Cn.
734 829 1004 877 Domitium
1046 829 1095 875 in
1141 827 1248 877 foro
1287 827 1465 885 medie,
1502 826 1716 874 maximo
1753 839 1869 872 con-

296 920 455 970 ventu,
490 912 733 974 incidique
768 911 818 958 in
854 926 966 959 eum
1000 911 1163 959 locum
1197 910 1248 959 in
1282 908 1505 965 dicende,
1537 922 1650 956 cum
1688 906 1871 954 Sestius

298 993 459 1042 multis
506 993 556 1039 in
601 992 786 1055 templo
822 990 1039 1040 Castoris
1075 991 1349 1040 volneribus
1396 990 1607 1052 acceptis
1654 988 1873 1038 subsidio

299 1075 489 1122 Bestiae
537 1081 748 1124 servatus
795 1081 934 1121 esset.
1029 1073 1127 1120 Hic
1181 1074 1596 1135 προῳκονομησάμην
1641 1069 1873 1132 quiddam

300 1159 499 1217 εὐκαίρως
534 1156 594 1204 de
629 1156 699 1213 iis,
749 1170 875 1218 quae
912 1155 962 1202 in
1000 1154 1207 1202 Sestium
1255 1153 1610 1215 adparabantur
1656 1151 1871 1209 crimina,

301 1246 348 1286 et
395 1253 506 1285 eum
543 1238 710 1287 ornavi
744 1237 867 1285 veris
903 1236 1136 1294 laudibus,
1174 1250 1355 1297 magno
1392 1234 1603 1284 adsensu
1639 1233 1872 1282 omnium.

304 1319 404 1367 Res
443 1319 626 1368 homini
662 1319 747 1368 fuit
780 1319 1088 1370 vehementer
1121 1326 1288 1380 grata:
1324 1332 1450 1379 quae
1485 1316 1569 1364 tibi
1605 1330 1664 1363 eo
1698 1316 1873 1370 scribo.

302 1402 435 1464 quod
460 1417 538 1450 me
564 1402 624 1450 de
648 1401 896 1450 retinenda
921 1400 1061 1448 Sestii
1093 1400 1245 1461 gratia
1272 1399 1437 1447 litteris
1461 1413 1604 1460 saepe
1629 1397 1873 1445 monuisti.

373 1495 415 1543 7.
453 1483 608 1532 Pridie
646 1483 761 1532 Idus
797 1483 936 1530 Febr.
973 1482 1092 1530 haec
1128 1481 1296 1544 scripsi
1331 1489 1442 1528 ante
1477 1480 1634 1528 lucem
1651 1495 1664 1539 ;
1701 1494 1761 1527 eo
1798 1479 1874 1526 die

303 1566 434 1629 apud
453 1566 781 1628 Pomponium
805 1565 854 1612 in
878 1565 979 1612 eius
1005 1564 1181 1626 nuptiis
1206 1578 1339 1613 eram
1363 1570 1630 1611 cenaturus.
1702 1560 1876 1610 Cetera

305 1655 416 1695 sunt
439 1648 488 1695 in
512 1648 654 1695 rebus
679 1647 854 1694 nostris
887 1630 1026 1696 huius
1055 1645 1203 1703 modi,
1233 1650 1288 1692 ut
1306 1654 1357 1692 tu
1381 1643 1498 1693 mihi
1521 1643 1619 1691 fere
1644 1642 1875 1691 diffidenti

305 1729 631 1792 praedicabas,
659 1729 802 1791 plena
825 1727 1068 1790 dignitatis
1093 1736 1141 1775 et
1164 1727 1373 1788 gratiae3
1410 1741 1533 1788 quae
1558 1724 1754 1787 quidem
1778 1732 1875 1782 tua,

306 1812 371 1858 mi
407 1811 561 1869 frater,
599 1811 840 1873 patientia,
877 1810 1058 1868 virtute,
1094 1810 1284 1871 pietate,
1322 1809 1550 1858 suavitate
1587 1807 1745 1863 etiam,
1792 1806 1877 1853 tibi

307 1893 520 1955 mihique
568 1901 677 1941 sunt
723 1893 950 1940 restituta.
1022 1891 1214 1940 Domus
1250 1891 1333 1938 tibi
1374 1890 1437 1939 ad
1482 1889 1645 1937 lucum
1687 1888 1876 1936 Pisonis

305 1974 575 2023 Luciniana
610 1975 850 2022 conducta
880 1982 978 2033 est;
1016 1974 1116 2031 sed,
1152 1981 1203 2021 ut
1240 1987 1396 2034 spero,
1430 1971 1595 2033 paucis
1630 1971 1878 2017 mensibus

307 2064 418 2119 post
442 2055 505 2103 K.
526 2055 764 2113 Quintiles
789 2056 839 2102 in
863 2064 996 2103 tuam
1019 2054 1375 2116 commigrabis.
1435 2052 1597 2100 Tuam
1620 2052 1671 2098 in
1691 2050 1877 2104 Carinis

305 2137 474 2189 mundi
505 2137 796 2189 habitatores
820 2136 1018 2184 Lamiae
1051 2136 1402 2184 conduxerunt.
1472 2134 1519 2181 A
1543 2142 1590 2181 te
1614 2141 1726 2195 post
1748 2132 1876 2180 illam

307 2219 592 2268 Olbiensem
628 2218 881 2280 epistolam
929 2218 1083 2266 nullas
1124 2217 1301 2266 litteras
1342 2215 1520 2278 accepi.
1593 2214 1725 2273 Quid
1759 2229 1877 2276 agas

307 2310 354 2349 et
377 2309 431 2349 ut
455 2309 500 2349 te
522 2300 751 2358 oblectes,
778 2300 897 2348 scire
930 2300 1074 2362 cupio
1105 2299 1412 2361 maximeque
1445 2306 1492 2344 te
1527 2297 1686 2359 ipsum
1717 2296 1877 2343 videre

307 2399 454 2447 quam
478 2383 701 2445 primum.
774 2381 915 2440 Cura,
941 2382 1007 2434 mi
1042 2381 1197 2438 frater,
1221 2389 1273 2433 ut
1305 2380 1462 2431 valeas
1495 2386 1556 2436 et,
1581 2392 1878 2439 quamquam

307 2475 378 2512 est
414 2464 581 2522 hiems,
615 2473 776 2512 tamen
814 2464 1083 2512 Sardiniam
1119 2463 1260 2510 istam
1296 2477 1402 2514 esse
1438 2461 1636 2522 cogites.
1666 2467 1670 2470 ’
1707 2475 1783 2508 xv.
1814 2458 1878 2508 K.

307 2546 519 2594 Martias.
