2040 3048
170 109 239 160 Ep.
271 118 359 158 141,
385 91 497 166 142]
541 102 726 144 EPIST.
753 102 833 141 AD
860 100 1231 141 FAMILIARES
1256 102 1307 141 x.
1344 104 1420 158 13.
1645 99 1741 156 271

168 234 336 296 Itaque
362 231 602 281 continuis
627 230 876 278 itineribus
901 229 964 277 ad
988 227 1167 277 Forum
1189 227 1400 276 Voconii
1425 226 1534 274 veni
1560 234 1606 274 et
1629 227 1750 276 ultra

166 323 321 363 castra
356 314 418 363 ad
442 313 623 362 flumen
649 313 950 374 Argenteum
987 318 1156 358 contra
1180 309 1487 357 Antonianos
1516 307 1620 356 feci.
1696 310 1748 356 P.

166 396 422 444 Ventidius
449 410 559 443 suas
585 394 803 456 legiones
831 401 925 441 tres
950 392 1201 440 coniunxit
1226 406 1338 440 cum
1368 405 1427 439 eo
1454 397 1501 438 et
1523 390 1646 438 ultra
1671 406 1749 440 me

166 487 320 526 castra
343 477 505 541 posuit
519 492 532 536 ;
570 475 778 523 habebat
805 483 944 523 antea
969 474 1214 537 legionem
1238 474 1458 537 quintam
1492 481 1538 521 et
1563 487 1621 520 ex
1647 474 1750 522 reli-

167 561 273 623 quis
315 559 586 621 legionibus
627 572 857 620 magnam
897 556 1269 615 multitudinem,
1309 555 1395 604 sed
1438 556 1749 605 inermorum.

168 644 448 706 Equitatum
474 641 617 689 habet
642 655 876 703 magnum
897 655 908 688 ε
945 655 1060 687 narn
1085 639 1245 687 omnis
1270 654 1330 687 ex
1349 637 1540 701 proelio
1566 638 1752 700 integer

168 723 398 781 discessit,
425 723 490 770 ita
514 730 566 770 ut
599 722 694 770 sint
727 722 933 784 amplius
968 722 1184 784 equitum
1219 720 1349 768 milia
1374 721 1602 782 quinque.
1673 720 1751 768 Ad

167 822 246 854 me
282 805 555 868 complures
591 803 764 852 milites
799 812 846 851 et
882 804 1067 866 equites
1103 804 1165 851 ab
1201 818 1261 850 eo
1301 803 1587 850 transierunt
1622 810 1669 850 et
1703 802 1750 849 in

169 889 270 936 dies
296 887 513 951 singulos
538 887 640 934 eius
666 887 837 949 copiae
862 887 1172 944 minuuntur3
1212 884 1403 932 Silanus
1428 892 1476 932 et
1496 883 1665 932 Culleo
1691 886 1752 932 ab

169 986 228 1018 eo
254 970 590 1018 discesserunt.
665 985 707 1016 2.
746 967 853 1016 Nos
888 968 975 1016 etsi
1001 968 1207 1030 graviter
1239 968 1300 1014 ab
1326 967 1382 1015 iis
1406 967 1522 1014 laesi
1546 982 1751 1027 eramus,

169 1051 302 1114 quod
350 1058 519 1099 contra
566 1059 784 1100 nostram
822 1050 1120 1115 voluntatem
1168 1049 1229 1096 ad
1270 1049 1545 1099 Antonium
1586 1049 1751 1109 ierant,

169 1144 331 1182 tamen
367 1142 559 1182 nostrae
584 1133 895 1181 humanitatis
931 1141 977 1181 et
1001 1132 1371 1180 necessitudinis
1401 1146 1549 1179 causa
1582 1146 1751 1179 eorum

169 1215 332 1263 salutis
367 1216 606 1263 rationem
630 1215 921 1275 habuimus;
959 1229 1048 1262 nec
1074 1222 1238 1262 tamen
1274 1229 1444 1262 eorum
1479 1228 1628 1276 opera
1660 1215 1751 1262 uti-

168 1314 276 1346 mur
299 1314 458 1361 neque
482 1298 531 1346 in
555 1299 722 1346 castris
746 1299 983 1346 habemus
1008 1313 1166 1360 neque
1191 1296 1272 1345 ulli
1297 1297 1495 1358 negotio
1520 1296 1751 1359 praefeci-

169 1395 290 1429 mus.
362 1379 514 1439 Quod
551 1380 612 1426 ad
648 1380 827 1427 bellum
864 1379 957 1427 hoc
993 1380 1174 1438 attinet,
1204 1393 1296 1426 nec
1335 1379 1519 1426 senatui
1557 1393 1648 1427 nec
1684 1379 1752 1427 rei

169 1462 387 1525 publicae
436 1462 692 1510 deerimus.
765 1460 906 1520 Quae
953 1469 1127 1524 postea
1174 1461 1431 1523 egerimus,
1482 1460 1656 1508 faciam
1706 1469 1752 1509 te

169 1544 433 1592 certiorem.

491 1676 600 1722 142.
672 1671 767 1720 AD
803 1672 1226 1721 FAMILIARES
1266 1673 1327 1722 X.
1372 1689 1447 1736 13.

450 1768 558 1819 SCR.
599 1768 786 1824 ROMAE,
816 1784 972 1818 MENSE
1008 1769 1149 1818 MA1o
1185 1785 1322 1819 A.U.c.
1363 1781 1473 1831 711.

543 1865 545 1867 ’
769 1873 940 1907 CICERO
975 1873 1174 1907 PLANCO.

244 1970 283 2002 1.
323 1953 405 2002 UT
439 1953 649 2016 primum
691 1961 906 2016 potestas
947 1954 1059 2002 data
1101 1962 1173 2002 est
1215 1955 1466 2017 augendae
1510 1955 1755 2018 dignitatis

170 2045 294 2094 tuae,
320 2035 436 2083 nihil
460 2036 756 2098 praetermisi
786 2036 836 2083 in
868 2044 914 2083 te
952 2035 1189 2094 ornando,
1215 2036 1350 2098 quod
1375 2037 1590 2100 positum
1627 2046 1755 2086 esset

171 2127 251 2167 aut
286 2121 336 2167 in
374 2117 590 2181 praemio
633 2117 815 2165 virtutis
853 2125 935 2166 aut
976 2118 1026 2166 in
1060 2118 1249 2166 honore
1286 2120 1568 2167 verborum:
1608 2120 1658 2168 id
1694 2136 1755 2169 ex

171 2201 279 2267 ipso
321 2208 517 2248 senatus
559 2200 783 2247 consulto
823 2200 1005 2263 poteris
1042 2214 1372 2262 cognoscere3
1410 2202 1474 2248 ita
1516 2204 1645 2249 enim
1683 2213 1756 2252 est

170 2283 503 2346 perscriptum,
530 2290 582 2329 ut
607 2297 635 2329 a
661 2297 741 2329 me
768 2282 828 2330 de
860 2283 1038 2345 scripto
1064 2283 1192 2330 dicta
1225 2284 1464 2331 sententia
1495 2293 1581 2343 est,
1608 2301 1755 2348 quarn

172 2373 367 2413 senatus
404 2363 632 2427 frequens
681 2373 872 2413 secutus
921 2373 995 2412 est
1038 2379 1231 2412 summo
1275 2365 1434 2413 studio
1477 2382 1755 2431 magnoque

173 2461 431 2495 consensu.
506 2461 548 2494 2.
585 2445 696 2508 Ego
727 2461 1025 2509 quamquam
1062 2462 1122 2494 ex
1155 2447 1248 2494 tuis
1280 2447 1458 2507 litteris,
1485 2464 1606 2511 quas
1638 2450 1754 2498 mihi

173 2529 357 2586 misisti,
383 2543 723 2591 perspexeram
749 2537 794 2577 te
830 2530 986 2592 magis
1010 2530 1187 2578 iudicio
1224 2531 1469 2579 bonorum
1500 2547 1646 2594 quam
1683 2534 1754 2581 in-

174 2611 390 2673 signibus
437 2610 618 2673 gloriae
667 2611 909 2670 delectari,
954 2620 1115 2660 tamen
1164 2613 1571 2662 considerandum
1613 2616 1755 2665 nobis

174 2693 455 2751 existimavi,
481 2694 668 2742 etiamsi
704 2703 755 2742 tu
791 2694 906 2742 nihil
936 2695 1220 2758 postulares,
1247 2705 1482 2759 quantum
1517 2699 1602 2745 tibi
1639 2714 1668 2746 a
1702 2715 1755 2748 re

176 2775 368 2839 publica
405 2775 670 2825 deberetur.
742 2776 823 2825 Tu
864 2786 1094 2827 contexes
1136 2787 1352 2828 extrema
1400 2795 1512 2828 curn
1554 2781 1750 2844 primis:
