2040 3048
220 129 290 179 Ep.
319 117 409 187 83.]
528 130 716 175 EPIST.
755 131 837 170 AD
877 132 1244 173 FAMILIARES
1282 135 1376 172 XV.
1424 132 1503 191 15.
1695 118 1794 188 185

217 261 264 300 at
311 261 439 302 certe
489 263 706 303 nostrum
756 255 984 305 iudicium
1034 258 1218 306 definiri
1268 259 1538 306 convenire.
1620 255 1792 318 Neque

213 337 469 400 quisquam
494 336 618 386 hanc
652 345 867 386 nostram
901 341 1189 388 sententiam
1220 354 1330 388 vere
1363 354 1596 403 umquam
1628 352 1790 401 repre-

213 418 380 466 hendit
427 427 614 482 praeter
662 435 760 478 eOS,
806 421 887 484 qui
936 422 1225 470 arbitrantur
1273 422 1442 470 melius
1491 436 1598 470 esse
1648 419 1793 467 deleri

211 500 415 548 omnino
451 516 553 548 rem
589 502 834 564 publicam
872 517 1019 566 quam
1056 504 1364 551 imminutam
1407 512 1454 551 et
1497 502 1792 551 debilitatam

211 598 435 631 manere:
472 598 566 646 ego
602 592 764 632 autem
798 599 858 631 ex
893 586 1082 634 interitu
1116 588 1218 634 eius
1240 587 1423 634 nullam
1448 600 1586 647 spem
1613 584 1792 632 scilicet

209 664 327 712 mihi
360 667 714 728 proponebam,
739 682 799 715 ex
833 668 1041 730 reliquiis
1067 684 1312 731 magnam.
1392 683 1434 716 2.
1474 667 1570 714 Sed
1595 682 1654 714 ea
1677 675 1790 714 sunt

209 756 485 807 consecuta,
507 756 559 796 ut
583 750 739 813 magis
765 751 939 798 mirum
965 750 1024 799 sit
1049 752 1266 800 accidere
1293 751 1370 798 illa
1394 750 1624 813 potuisse,
1643 763 1790 811 quam

209 843 299 877 nos
336 844 436 877 non
479 830 653 880 vidisse
695 848 754 881 ea
797 833 954 882 futura
997 850 1101 893 nec,
1136 835 1359 882 homines
1402 847 1515 880 cum
1558 846 1789 889 essemus,

208 911 420 961 divinare
467 915 697 977 potuisse.
776 915 1018 980 Equidem
1066 916 1217 965 fateor
1259 931 1421 963 meam
1464 915 1789 962 coniecturam

207 994 332 1043 hanc
370 995 530 1055 fuisse,
564 1007 615 1045 ut
651 998 732 1046 illo
764 999 902 1061 quasi
936 1000 1152 1062 quodam
1191 999 1319 1046 fatali
1358 997 1543 1061 proelio
1579 996 1707 1044 facto
1744 1004 1790 1043 et

207 1078 411 1127 victores
458 1082 706 1129 communi
756 1083 895 1130 saluti
944 1081 1129 1130 consuli
1177 1081 1355 1128 vellent
1402 1087 1449 1128 et
1497 1079 1605 1127 victi
1659 1093 1788 1137 suae,

206 1168 463 1224 utrumque
511 1173 671 1212 autem
720 1166 934 1228 positum
982 1179 1087 1213 esse
1137 1164 1386 1212 arbitrarer
1444 1163 1493 1209 in
1549 1161 1788 1211 celeritate

206 1243 425 1292 victoris:
485 1260 609 1308 quae
659 1248 698 1294 si
745 1247 926 1305 fuisset,
977 1247 1184 1295 eandem
1234 1246 1543 1294 clementiam
1591 1251 1789 1307 experta

206 1334 332 1374 esset
362 1327 537 1386 Africa,
565 1343 713 1391 quam
747 1329 977 1391 cognovit
1013 1330 1143 1387 Asia,
1171 1343 1318 1392 quam
1344 1328 1490 1375 etiam
1516 1325 1700 1375 Achaia
1725 1334 1784 1379 te,

207 1416 258 1456 ut
300 1410 490 1471 opinor,
529 1411 640 1474 ipso
682 1411 843 1474 legato
892 1428 948 1460 ac
998 1412 1313 1475 deprecatore
1327 1427 1340 1471 ;
1391 1409 1582 1458 amissis
1625 1417 1785 1457 autem

205 1493 517 1553 temporibus,
555 1507 680 1555 quae
722 1494 983 1557 plurimum
1025 1494 1196 1552 valent,
1236 1493 1518 1556 praesertim
1561 1492 1610 1539 in
1651 1491 1787 1539 bellis

205 1574 434 1635 civilibus,
477 1575 785 1639 interpositus
829 1592 985 1626 annus
1026 1578 1147 1625 alios
1195 1576 1396 1634 induxit,
1441 1583 1492 1623 ut
1539 1575 1786 1623 victoriam

205 1665 465 1719 sperarent,
503 1658 637 1718 alios,
675 1667 727 1707 ut
770 1661 932 1722 ipsum
979 1660 1106 1708 vinci
1154 1666 1535 1708 contemnerent.
1626 1657 1785 1720 Atque

203 1740 378 1787 horum
414 1740 654 1789 malorum
690 1743 909 1790 omnium
947 1741 1141 1805 culpam
1178 1741 1371 1789 fortuna
1408 1741 1633 1789 sustinet:
1678 1741 1785 1803 quis

204 1823 335 1870 enim
385 1831 465 1870 aut
507 1823 825 1871 Alexandrini
872 1824 984 1872 belli
1032 1832 1215 1873 tantam
1263 1840 1452 1872 moram
1501 1822 1612 1870 huic
1659 1822 1784 1870 bello

203 1905 483 1953 adiunctum
520 1906 574 1953 iri
609 1914 690 1954 aut
726 1908 893 1955 nescio
929 1922 1077 1970 quem
1113 1908 1256 1956 istum
1298 1907 1597 1954 Pharnacem
1638 1904 1783 1953 Asiae

204 1995 431 2037 terrorem
469 1988 707 2036 illaturum
749 1992 971 2052 putaret?
1044 2007 1087 2054 3.
1132 1991 1238 2040 Nos
1282 1999 1446 2039 tamen
1488 1991 1537 2037 in
1581 1989 1784 2038 consilio

204 2071 306 2132 pari
333 2086 450 2119 casu
475 2072 690 2120 dissimili
715 2075 788 2121 usi
816 2089 1011 2123 sumus:
1037 2082 1087 2122 tu
1113 2075 1243 2123 enim
1268 2089 1376 2122 eam
1403 2080 1589 2137 partem
1610 2073 1784 2135 petisti,

202 2162 253 2201 ut
289 2161 336 2202 et
372 2154 585 2203 consiliis
620 2156 876 2204 interesses
913 2164 975 2216 et,
1008 2157 1143 2220 quod
1184 2157 1395 2205 maxime
1438 2170 1605 2204 curam
1647 2155 1783 2214 levat,

204 2235 360 2284 futura
407 2237 571 2284 animo
620 2239 900 2302 prospicere
948 2254 1147 2303 posses:
1192 2255 1299 2304 eg0,
1338 2240 1419 2302 qui
1463 2238 1695 2297 festinavi,
1734 2246 1784 2286 ut

203 2316 463 2366 Caesarem
506 2319 553 2366 in
601 2319 738 2367 Italia
786 2321 1141 2371 viderem—sic
1189 2322 1319 2370 enim
1368 2321 1785 2370 arbitrabamur—

203 2416 410 2463 eumque
445 2402 605 2451 multis
639 2401 991 2451 honestissimis
1022 2404 1133 2453 viris
1169 2404 1464 2453 conservatis
1502 2403 1783 2451 redeuntem

203 2483 264 2530 ad
308 2497 479 2545 pacem
522 2493 807 2543 currentem,
845 2494 896 2533 ut
944 2487 1089 2544 aiunt,
1127 2487 1391 2544 incitarem,
1441 2486 1504 2533 ab
1552 2485 1631 2533 illo
1677 2485 1782 2535 lon·

203 2565 399 2628 gissime
425 2573 471 2613 et
496 2566 668 2614 absum
695 2575 741 2615 et
766 2567 876 2616 afui.
940 2567 1123 2617 Versor
1147 2577 1308 2617 autem
1335 2570 1383 2616 in
1409 2568 1592 2632 gemitu
1617 2567 1783 2616 Italiae

203 2655 249 2695 et
274 2646 323 2694 in
341 2646 471 2694 urbis
498 2647 774 2698 miserrimis
801 2650 1022 2712 querelis,
1043 2652 1217 2713 quibus
1244 2650 1424 2714 aliquid
1450 2651 1557 2713 opis
1583 2649 1782 2700 fortasse

202 2745 295 2792 ego
339 2742 428 2790 pro
469 2744 593 2787 mea,
632 2737 684 2777 tu
724 2746 813 2793 pro
857 2740 952 2791 tua,
990 2747 1079 2795 pro
1117 2748 1204 2781 sua
1241 2734 1446 2796 quisque
1483 2741 1618 2795 parte
1657 2733 1781 2781 ferre

202 2812 450 2875 potuisset,
485 2811 524 2858 si
561 2820 725 2860 auctor
760 2813 1002 2862 adfuisset.
1076 2830 1121 2873 4.
1159 2813 1272 2873 Qua
1308 2831 1358 2863 re
1396 2815 1537 2863 velim
1574 2830 1663 2878 pro
1702 2823 1783 2863 tua
