<?xml version="1.0" encoding="UTF-8"?>
<!DOCTYPE html PUBLIC "-//W3C//DTD XHTML 1.0 Transitional//EN"
    "http://www.w3.org/TR/xhtml1/DTD/xhtml1-transitional.dtd">
<html xmlns="http://www.w3.org/1999/xhtml" xml:lang="en" lang="en">
 <head>
  <title>
</title>
<meta http-equiv="Content-Type" content="text/html;charset=utf-8" />
  <meta name='ocr-system' content='tesseract 3.04.00' />
  <meta name='ocr-capabilities' content='ocr_page ocr_carea ocr_par ocr_line ocrx_word'/>
</head>
<body>
  <div class='ocr_page' id='page_1' title='image "./epistolaeselecta00ciceuoft_0224.png"; bbox 0 0 2040 3048; ppageno 0'>
   <div class='ocr_carea' id='block_1_1' title="bbox 311 0 2040 181">
    <p class='ocr_par' dir='ltr' id='par_1_1' title="bbox 311 0 2040 181">
     <span class='ocr_line' id='line_1_1' title="bbox 311 0 2040 181; baseline 0.001 -18"><span class='ocrx_word' id='word_1_1' title='bbox 311 109 413 163; x_wconf 88' lang='lat'>208</span> <span class='ocrx_word' id='word_1_2' title='bbox 773 122 836 162; x_wconf 88' lang='lat' dir='ltr'>M.</span> <span class='ocrx_word' id='word_1_3' title='bbox 882 121 1078 160; x_wconf 81' lang='lat' dir='ltr'><em>TULLII</em></span> <span class='ocrx_word' id='word_1_4' title='bbox 1115 122 1428 162; x_wconf 78' lang='lat' dir='ltr'><em>CICERONIS</em></span> <span class='ocrx_word' id='word_1_5' title='bbox 1672 113 1782 181; x_wconf 72' lang='lat' dir='ltr'>[Pars</span> <span class='ocrx_word' id='word_1_6' title='bbox 1807 126 1879 167; x_wconf 75' lang='lat' dir='ltr'>lv,</span> <span class='ocrx_word' id='word_1_7' title='bbox 2015 0 2040 140; x_wconf 63' lang='grc'>1</span> 
     </span>
    </p>
   </div>
   <div class='ocr_carea' id='block_1_2' title="bbox 307 252 1882 1865">
    <p class='ocr_par' dir='ltr' id='par_1_2' title="bbox 307 252 1882 1865">
     <span class='ocr_line' id='line_1_2' title="bbox 310 252 1879 317; baseline 0.001 -17"><span class='ocrx_word' id='word_1_8' title='bbox 310 252 527 313; x_wconf 88' lang='lat' dir='ltr'>consili0‚</span> <span class='ocrx_word' id='word_1_9' title='bbox 564 253 650 302; x_wconf 90' lang='lat' dir='ltr'>sed</span> <span class='ocrx_word' id='word_1_10' title='bbox 684 253 827 301; x_wconf 88' lang='lat' dir='ltr'>etiam</span> <span class='ocrx_word' id='word_1_11' title='bbox 864 268 942 300; x_wconf 92' lang='lat' dir='ltr'>me</span> <span class='ocrx_word' id='word_1_12' title='bbox 979 261 1187 312; x_wconf 88' lang='lat' dir='ltr'>auctore,</span> <span class='ocrx_word' id='word_1_13' title='bbox 1222 261 1296 302; x_wconf 91' lang='lat' dir='ltr'>est</span> <span class='ocrx_word' id='word_1_14' title='bbox 1330 253 1586 317; x_wconf 80' lang='lat' dir='ltr'>profectus,</span> <span class='ocrx_word' id='word_1_15' title='bbox 1656 253 1748 302; x_wconf 89' lang='lat' dir='ltr'>Cui</span> <span class='ocrx_word' id='word_1_16' title='bbox 1784 270 1879 317; x_wconf 90' lang='lat' dir='ltr'>ego</span> 
     </span>
     <span class='ocr_line' id='line_1_3' title="bbox 310 334 1878 398; baseline 0 -16"><span class='ocrx_word' id='word_1_17' title='bbox 310 335 785 382; x_wconf 84' lang='lat' dir='ltr'>commendationem</span> <span class='ocrx_word' id='word_1_18' title='bbox 815 349 915 381; x_wconf 93' lang='lat' dir='ltr'>non</span> <span class='ocrx_word' id='word_1_19' title='bbox 949 349 1056 381; x_wconf 92' lang='lat' dir='ltr'>sum</span> <span class='ocrx_word' id='word_1_20' title='bbox 1088 334 1337 397; x_wconf 88' lang='lat' dir='ltr'>pollicitus,</span> <span class='ocrx_word' id='word_1_21' title='bbox 1363 350 1464 383; x_wconf 93' lang='lat' dir='ltr'>non</span> <span class='ocrx_word' id='word_1_22' title='bbox 1488 337 1604 398; x_wconf 90' lang='lat' dir='ltr'>quin</span> <span class='ocrx_word' id='word_1_23' title='bbox 1637 350 1744 382; x_wconf 89' lang='lat' dir='ltr'>eam</span> <span class='ocrx_word' id='word_1_24' title='bbox 1769 334 1878 382; x_wconf 89' lang='lat' dir='ltr'>vali·</span> 
     </span>
     <span class='ocr_line' id='line_1_4' title="bbox 307 416 1879 480; baseline 0.001 -16"><span class='ocrx_word' id='word_1_25' title='bbox 307 424 464 464; x_wconf 90' lang='lat' dir='ltr'>turam</span> <span class='ocrx_word' id='word_1_26' title='bbox 489 417 618 478; x_wconf 91' lang='lat' dir='ltr'>apud</span> <span class='ocrx_word' id='word_1_27' title='bbox 649 424 696 463; x_wconf 91' lang='lat' dir='ltr'>te</span> <span class='ocrx_word' id='word_1_28' title='bbox 728 416 989 474; x_wconf 88' lang='lat' dir='ltr'>arbitrarer,</span> <span class='ocrx_word' id='word_1_29' title='bbox 1016 416 1102 464; x_wconf 92' lang='lat' dir='ltr'>sed</span> <span class='ocrx_word' id='word_1_30' title='bbox 1125 431 1283 480; x_wconf 92' lang='lat' dir='ltr'>neque</span> <span class='ocrx_word' id='word_1_31' title='bbox 1308 432 1450 479; x_wconf 90' lang='lat' dir='ltr'>egere</span> <span class='ocrx_word' id='word_1_32' title='bbox 1481 417 1598 464; x_wconf 90' lang='lat' dir='ltr'>mihi</span> <span class='ocrx_word' id='word_1_33' title='bbox 1631 432 1879 465; x_wconf 92' lang='lat' dir='ltr'>commen-</span> 
     </span>
     <span class='ocr_line' id='line_1_5' title="bbox 308 497 1879 563; baseline 0.001 -19"><span class='ocrx_word' id='word_1_34' title='bbox 308 497 503 545; x_wconf 86' lang='lat' dir='ltr'>datione</span> <span class='ocrx_word' id='word_1_35' title='bbox 526 498 788 556; x_wconf 89' lang='lat' dir='ltr'>videbatur,</span> <span class='ocrx_word' id='word_1_36' title='bbox 814 498 896 560; x_wconf 93' lang='lat' dir='ltr'>qui</span> <span class='ocrx_word' id='word_1_37' title='bbox 921 506 967 545; x_wconf 92' lang='lat' dir='ltr'>et</span> <span class='ocrx_word' id='word_1_38' title='bbox 991 498 1040 544; x_wconf 90' lang='lat' dir='ltr'>in</span> <span class='ocrx_word' id='word_1_39' title='bbox 1069 497 1195 546; x_wconf 95' lang='lat' dir='ltr'>bello</span> <span class='ocrx_word' id='word_1_40' title='bbox 1227 507 1387 546; x_wconf 91' lang='lat' dir='ltr'>tecum</span> <span class='ocrx_word' id='word_1_41' title='bbox 1412 499 1578 547; x_wconf 89' lang='lat' dir='ltr'>fuisset</span> <span class='ocrx_word' id='word_1_42' title='bbox 1611 507 1658 547; x_wconf 92' lang='lat' dir='ltr'>et</span> <span class='ocrx_word' id='word_1_43' title='bbox 1682 506 1879 563; x_wconf 88' lang='lat' dir='ltr'>propter</span> 
     </span>
     <span class='ocr_line' id='line_1_6' title="bbox 308 579 1878 639; baseline 0.001 -13"><span class='ocrx_word' id='word_1_44' title='bbox 308 579 593 627; x_wconf 86' lang='lat' dir='ltr'>memoriam</span> <span class='ocrx_word' id='word_1_45' title='bbox 617 579 780 627; x_wconf 85' lang='lat' dir='ltr'>Crassi</span> <span class='ocrx_word' id='word_1_46' title='bbox 805 579 865 627; x_wconf 90' lang='lat' dir='ltr'>de</span> <span class='ocrx_word' id='word_1_47' title='bbox 889 580 982 627; x_wconf 91' lang='lat' dir='ltr'>tuis</span> <span class='ocrx_word' id='word_1_48' title='bbox 1008 595 1132 628; x_wconf 91' lang='lat' dir='ltr'>unus</span> <span class='ocrx_word' id='word_1_49' title='bbox 1157 589 1298 639; x_wconf 90' lang='lat' dir='ltr'>esset,</span> <span class='ocrx_word' id='word_1_50' title='bbox 1325 590 1385 639; x_wconf 92' lang='lat' dir='ltr'>et,</span> <span class='ocrx_word' id='word_1_51' title='bbox 1411 582 1451 628; x_wconf 91' lang='lat' dir='ltr'>si</span> <span class='ocrx_word' id='word_1_52' title='bbox 1474 582 1542 628; x_wconf 92' lang='lat' dir='ltr'>uti</span> <span class='ocrx_word' id='word_1_53' title='bbox 1567 581 1878 629; x_wconf 86' lang='lat' dir='ltr'>commenda-</span> 
     </span>
     <span class='ocr_line' id='line_1_7' title="bbox 308 661 1880 724; baseline 0.001 -16"><span class='ocrx_word' id='word_1_54' title='bbox 308 661 520 709; x_wconf 91' lang='lat' dir='ltr'>tionibus</span> <span class='ocrx_word' id='word_1_55' title='bbox 549 661 702 719; x_wconf 90' lang='lat' dir='ltr'>vellet‚</span> <span class='ocrx_word' id='word_1_56' title='bbox 728 662 871 709; x_wconf 88' lang='lat' dir='ltr'>etiam</span> <span class='ocrx_word' id='word_1_57' title='bbox 903 677 990 724; x_wconf 91' lang='lat' dir='ltr'>per</span> <span class='ocrx_word' id='word_1_58' title='bbox 1022 662 1142 709; x_wconf 94' lang='lat' dir='ltr'>alios</span> <span class='ocrx_word' id='word_1_59' title='bbox 1174 677 1285 710; x_wconf 90' lang='lat' dir='ltr'>eum</span> <span class='ocrx_word' id='word_1_60' title='bbox 1309 663 1532 710; x_wconf 86' lang='lat' dir='ltr'>videbam</span> <span class='ocrx_word' id='word_1_61' title='bbox 1564 662 1613 710; x_wconf 92' lang='lat' dir='ltr'>id</span> <span class='ocrx_word' id='word_1_62' title='bbox 1645 662 1880 724; x_wconf 91' lang='lat' dir='ltr'>consequi</span> 
     </span>
     <span class='ocr_line' id='line_1_8' title="bbox 309 743 1880 809; baseline 0.001 -19"><span class='ocrx_word' id='word_1_63' title='bbox 309 757 482 806; x_wconf 79' lang='lat' dir='ltr'>posse3</span> <span class='ocrx_word' id='word_1_64' title='bbox 518 743 847 790; x_wconf 88' lang='lat' dir='ltr'>testimonium</span> <span class='ocrx_word' id='word_1_65' title='bbox 871 743 968 790; x_wconf 87' lang='lat' dir='ltr'>mei</span> <span class='ocrx_word' id='word_1_66' title='bbox 992 743 1052 790; x_wconf 93' lang='lat' dir='ltr'>de</span> <span class='ocrx_word' id='word_1_67' title='bbox 1078 758 1138 792; x_wconf 91' lang='lat' dir='ltr'>eo</span> <span class='ocrx_word' id='word_1_68' title='bbox 1163 743 1336 803; x_wconf 92' lang='lat' dir='ltr'>iudicii,</span> <span class='ocrx_word' id='word_1_69' title='bbox 1362 745 1497 807; x_wconf 93' lang='lat' dir='ltr'>quod</span> <span class='ocrx_word' id='word_1_70' title='bbox 1520 751 1567 793; x_wconf 87' lang='lat' dir='ltr'>et</span> <span class='ocrx_word' id='word_1_71' title='bbox 1585 745 1688 809; x_wconf 88' lang='lat' dir='ltr'>ipse</span> <span class='ocrx_word' id='word_1_72' title='bbox 1712 746 1880 807; x_wconf 89' lang='lat' dir='ltr'>magni</span> 
     </span>
     <span class='ocr_line' id='line_1_9' title="bbox 309 825 1879 889; baseline 0.001 -17"><span class='ocrx_word' id='word_1_73' title='bbox 309 825 593 873; x_wconf 89' lang='lat' dir='ltr'>aestimabat</span> <span class='ocrx_word' id='word_1_74' title='bbox 616 832 664 872; x_wconf 92' lang='lat' dir='ltr'>et</span> <span class='ocrx_word' id='word_1_75' title='bbox 687 839 781 886; x_wconf 87' lang='lat' dir='ltr'>ego</span> <span class='ocrx_word' id='word_1_76' title='bbox 812 825 942 886; x_wconf 92' lang='lat' dir='ltr'>apud</span> <span class='ocrx_word' id='word_1_77' title='bbox 964 832 1011 872; x_wconf 92' lang='lat' dir='ltr'>te</span> <span class='ocrx_word' id='word_1_78' title='bbox 1035 825 1190 873; x_wconf 90' lang='lat' dir='ltr'>valere</span> <span class='ocrx_word' id='word_1_79' title='bbox 1223 841 1354 873; x_wconf 89' lang='lat' dir='ltr'>eram</span> <span class='ocrx_word' id='word_1_80' title='bbox 1379 835 1618 889; x_wconf 85' lang='lat' dir='ltr'>expertus,</span> <span class='ocrx_word' id='word_1_81' title='bbox 1644 828 1687 874; x_wconf 94' lang='lat' dir='ltr'>ei</span> <span class='ocrx_word' id='word_1_82' title='bbox 1711 827 1879 874; x_wconf 92' lang='lat' dir='ltr'>luben-</span> 
     </span>
     <span class='ocr_line' id='line_1_10' title="bbox 310 905 1880 971; baseline 0 -17"><span class='ocrx_word' id='word_1_83' title='bbox 310 914 382 954; x_wconf 85' lang='lat' dir='ltr'>ter</span> <span class='ocrx_word' id='word_1_84' title='bbox 412 906 537 954; x_wconf 90' lang='lat' dir='ltr'>dedi.</span> <span class='ocrx_word' id='word_1_85' title='bbox 609 922 653 966; x_wconf 88' lang='lat'>4.</span> <span class='ocrx_word' id='word_1_86' title='bbox 689 905 903 953; x_wconf 87' lang='lat' dir='ltr'>Doctum</span> <span class='ocrx_word' id='word_1_87' title='bbox 938 906 1080 968; x_wconf 90' lang='lat' dir='ltr'>igitur</span> <span class='ocrx_word' id='word_1_88' title='bbox 1102 906 1354 955; x_wconf 91' lang='lat' dir='ltr'>hominem</span> <span class='ocrx_word' id='word_1_89' title='bbox 1390 909 1599 971; x_wconf 88' lang='lat' dir='ltr'>cognovi</span> <span class='ocrx_word' id='word_1_90' title='bbox 1634 917 1680 957; x_wconf 90' lang='lat' dir='ltr'>et</span> <span class='ocrx_word' id='word_1_91' title='bbox 1713 907 1880 956; x_wconf 89' lang='lat' dir='ltr'>studiis</span> 
     </span>
     <span class='ocr_line' id='line_1_11' title="bbox 309 988 1879 1052; baseline 0 -15"><span class='ocrx_word' id='word_1_92' title='bbox 309 989 509 1051; x_wconf 92' lang='lat' dir='ltr'>optimis</span> <span class='ocrx_word' id='word_1_93' title='bbox 545 988 776 1046; x_wconf 88' lang='lat' dir='ltr'>deditum,</span> <span class='ocrx_word' id='word_1_94' title='bbox 812 988 957 1050; x_wconf 92' lang='lat' dir='ltr'>idque</span> <span class='ocrx_word' id='word_1_95' title='bbox 993 1003 1022 1036; x_wconf 89' lang='lat' dir='ltr'>a</span> <span class='ocrx_word' id='word_1_96' title='bbox 1056 1004 1238 1052; x_wconf 90' lang='lat' dir='ltr'>puero:</span> <span class='ocrx_word' id='word_1_97' title='bbox 1275 1005 1390 1038; x_wconf 95' lang='lat' dir='ltr'>nam</span> <span class='ocrx_word' id='word_1_98' title='bbox 1426 991 1560 1039; x_wconf 90' lang='lat' dir='ltr'>domi</span> <span class='ocrx_word' id='word_1_99' title='bbox 1594 1006 1732 1038; x_wconf 90' lang='lat' dir='ltr'>meae</span> <span class='ocrx_word' id='word_1_100' title='bbox 1769 1006 1879 1038; x_wconf 92' lang='lat' dir='ltr'>cum</span> 
     </span>
     <span class='ocr_line' id='line_1_12' title="bbox 309 1069 1879 1132; baseline 0.001 -14"><span class='ocrx_word' id='word_1_101' title='bbox 309 1070 526 1118; x_wconf 91' lang='lat' dir='ltr'>Diodoto</span> <span class='ocrx_word' id='word_1_102' title='bbox 553 1069 733 1128; x_wconf 91' lang='lat' dir='ltr'>Stoico,</span> <span class='ocrx_word' id='word_1_103' title='bbox 758 1069 954 1117; x_wconf 89' lang='lat' dir='ltr'>homine</span> <span class='ocrx_word' id='word_1_104' title='bbox 979 1086 1091 1119; x_wconf 90' lang='lat' dir='ltr'>meo</span> <span class='ocrx_word' id='word_1_105' title='bbox 1116 1071 1294 1120; x_wconf 91' lang='lat' dir='ltr'>iudicio</span> <span class='ocrx_word' id='word_1_106' title='bbox 1320 1073 1654 1132; x_wconf 82' lang='lat' dir='ltr'>eruditissimo,</span> <span class='ocrx_word' id='word_1_107' title='bbox 1674 1073 1879 1120; x_wconf 92' lang='lat' dir='ltr'>multum</span> 
     </span>
     <span class='ocr_line' id='line_1_13' title="bbox 310 1151 1879 1215; baseline 0 -15"><span class='ocrx_word' id='word_1_108' title='bbox 310 1168 340 1200; x_wconf 88' lang='lat' dir='ltr'>a</span> <span class='ocrx_word' id='word_1_109' title='bbox 363 1166 514 1215; x_wconf 89' lang='lat' dir='ltr'>puero</span> <span class='ocrx_word' id='word_1_110' title='bbox 538 1151 652 1200; x_wconf 85' lang='lat' dir='ltr'>fuit:</span> <span class='ocrx_word' id='word_1_111' title='bbox 689 1167 818 1199; x_wconf 92' lang='lat' dir='ltr'>nunc</span> <span class='ocrx_word' id='word_1_112' title='bbox 850 1159 1026 1210; x_wconf 90' lang='lat' dir='ltr'>autem,</span> <span class='ocrx_word' id='word_1_113' title='bbox 1051 1153 1278 1201; x_wconf 91' lang='lat' dir='ltr'>incensus</span> <span class='ocrx_word' id='word_1_114' title='bbox 1310 1154 1467 1203; x_wconf 90' lang='lat' dir='ltr'>studio</span> <span class='ocrx_word' id='word_1_115' title='bbox 1491 1170 1650 1203; x_wconf 93' lang='lat' dir='ltr'>rerum</span> <span class='ocrx_word' id='word_1_116' title='bbox 1674 1163 1879 1212; x_wconf 91' lang='lat' dir='ltr'>tuarum,</span> 
     </span>
     <span class='ocr_line' id='line_1_14' title="bbox 309 1232 1879 1299; baseline 0.001 -17"><span class='ocrx_word' id='word_1_117' title='bbox 309 1250 392 1283; x_wconf 90' lang='lat' dir='ltr'>eas</span> <span class='ocrx_word' id='word_1_118' title='bbox 433 1234 598 1281; x_wconf 92' lang='lat' dir='ltr'>litteris</span> <span class='ocrx_word' id='word_1_119' title='bbox 635 1232 833 1281; x_wconf 88' lang='lat' dir='ltr'>Graecis</span> <span class='ocrx_word' id='word_1_120' title='bbox 875 1234 1106 1282; x_wconf 88' lang='lat' dir='ltr'>mandare</span> <span class='ocrx_word' id='word_1_121' title='bbox 1149 1236 1384 1299; x_wconf 88' lang='lat' dir='ltr'>cupiebat.</span> <span class='ocrx_word' id='word_1_122' title='bbox 1458 1236 1609 1285; x_wconf 90' lang='lat' dir='ltr'>Posse</span> <span class='ocrx_word' id='word_1_123' title='bbox 1651 1232 1879 1285; x_wconf 76' lang='lat' dir='ltr'>arbitror:</span> 
     </span>
     <span class='ocr_line' id='line_1_15' title="bbox 309 1314 1880 1382; baseline 0.001 -18"><span class='ocrx_word' id='word_1_124' title='bbox 309 1316 432 1364; x_wconf 91' lang='lat' dir='ltr'>valet</span> <span class='ocrx_word' id='word_1_125' title='bbox 466 1315 693 1377; x_wconf 88' lang='lat' dir='ltr'>ingenio;</span> <span class='ocrx_word' id='word_1_126' title='bbox 740 1314 887 1363; x_wconf 91' lang='lat' dir='ltr'>habet</span> <span class='ocrx_word' id='word_1_127' title='bbox 921 1330 1064 1363; x_wconf 91' lang='lat' dir='ltr'>usum</span> <span class='ocrx_word' id='word_1_128' title='bbox 1080 1332 1092 1376; x_wconf 88' lang='lat'>;</span> <span class='ocrx_word' id='word_1_129' title='bbox 1141 1317 1238 1364; x_wconf 90' lang='lat' dir='ltr'>iam</span> <span class='ocrx_word' id='word_1_130' title='bbox 1276 1317 1463 1380; x_wconf 90' lang='lat' dir='ltr'>pridem</span> <span class='ocrx_word' id='word_1_131' title='bbox 1499 1319 1549 1365; x_wconf 90' lang='lat' dir='ltr'>in</span> <span class='ocrx_word' id='word_1_132' title='bbox 1596 1333 1656 1366; x_wconf 95' lang='lat' dir='ltr'>eo</span> <span class='ocrx_word' id='word_1_133' title='bbox 1703 1335 1880 1382; x_wconf 87' lang='lat' dir='ltr'>genere</span> 
     </span>
     <span class='ocr_line' id='line_1_16' title="bbox 311 1396 1882 1459; baseline 0.001 -13"><span class='ocrx_word' id='word_1_134' title='bbox 311 1397 451 1446; x_wconf 91' lang='lat' dir='ltr'>studii</span> <span class='ocrx_word' id='word_1_135' title='bbox 491 1396 847 1459; x_wconf 86' lang='lat' dir='ltr'>litterarumque</span> <span class='ocrx_word' id='word_1_136' title='bbox 894 1405 1136 1456; x_wconf 89' lang='lat' dir='ltr'>versatur;</span> <span class='ocrx_word' id='word_1_137' title='bbox 1186 1399 1300 1446; x_wconf 90' lang='lat' dir='ltr'>satis</span> <span class='ocrx_word' id='word_1_138' title='bbox 1340 1399 1498 1447; x_wconf 86' lang='lat' dir='ltr'>facere</span> <span class='ocrx_word' id='word_1_139' title='bbox 1539 1400 1882 1448; x_wconf 87' lang='lat' dir='ltr'>immortalitati</span> 
     </span>
     <span class='ocr_line' id='line_1_17' title="bbox 310 1478 1879 1543; baseline 0.001 -16"><span class='ocrx_word' id='word_1_140' title='bbox 310 1478 507 1527; x_wconf 91' lang='lat' dir='ltr'>laudum</span> <span class='ocrx_word' id='word_1_141' title='bbox 531 1485 719 1524; x_wconf 91' lang='lat' dir='ltr'>tuarum</span> <span class='ocrx_word' id='word_1_142' title='bbox 745 1478 1017 1525; x_wconf 89' lang='lat' dir='ltr'>mirabiliter</span> <span class='ocrx_word' id='word_1_143' title='bbox 1047 1479 1189 1541; x_wconf 89' lang='lat' dir='ltr'>cupit.</span> <span class='ocrx_word' id='word_1_144' title='bbox 1261 1479 1432 1528; x_wconf 89' lang='lat' dir='ltr'>Habes</span> <span class='ocrx_word' id='word_1_145' title='bbox 1465 1481 1709 1543; x_wconf 90' lang='lat' dir='ltr'>opinionis</span> <span class='ocrx_word' id='word_1_146' title='bbox 1741 1497 1879 1529; x_wconf 88' lang='lat' dir='ltr'>meae</span> 
     </span>
     <span class='ocr_line' id='line_1_18' title="bbox 313 1558 1881 1625; baseline 0 -16"><span class='ocrx_word' id='word_1_147' title='bbox 313 1559 654 1615; x_wconf 85' lang='lat' dir='ltr'>testimonium,</span> <span class='ocrx_word' id='word_1_148' title='bbox 681 1558 767 1606; x_wconf 90' lang='lat' dir='ltr'>sed</span> <span class='ocrx_word' id='word_1_149' title='bbox 803 1566 854 1605; x_wconf 92' lang='lat' dir='ltr'>tu</span> <span class='ocrx_word' id='word_1_150' title='bbox 888 1558 982 1606; x_wconf 92' lang='lat' dir='ltr'>hoc</span> <span class='ocrx_word' id='word_1_151' title='bbox 1014 1559 1196 1607; x_wconf 89' lang='lat' dir='ltr'>facilius</span> <span class='ocrx_word' id='word_1_152' title='bbox 1231 1561 1383 1608; x_wconf 92' lang='lat' dir='ltr'>multo</span> <span class='ocrx_word' id='word_1_153' title='bbox 1418 1576 1507 1624; x_wconf 92' lang='lat' dir='ltr'>pro</span> <span class='ocrx_word' id='word_1_154' title='bbox 1537 1569 1619 1609; x_wconf 91' lang='lat' dir='ltr'>tua</span> <span class='ocrx_word' id='word_1_155' title='bbox 1653 1563 1881 1625; x_wconf 86' lang='lat' dir='ltr'>singulari</span> 
     </span>
     <span class='ocr_line' id='line_1_19' title="bbox 311 1640 1880 1705; baseline 0.001 -16"><span class='ocrx_word' id='word_1_156' title='bbox 311 1640 564 1705; x_wconf 90' lang='lat' dir='ltr'>prudentia</span> <span class='ocrx_word' id='word_1_157' title='bbox 598 1641 844 1689; x_wconf 89' lang='lat' dir='ltr'>iudicabis.</span> <span class='ocrx_word' id='word_1_158' title='bbox 914 1641 977 1688; x_wconf 93' lang='lat' dir='ltr'>Et</span> <span class='ocrx_word' id='word_1_159' title='bbox 1014 1650 1192 1700; x_wconf 89' lang='lat' dir='ltr'>tamen,</span> <span class='ocrx_word' id='word_1_160' title='bbox 1229 1643 1364 1704; x_wconf 94' lang='lat' dir='ltr'>quod</span> <span class='ocrx_word' id='word_1_161' title='bbox 1405 1658 1710 1705; x_wconf 87' lang='lat' dir='ltr'>negaveram,</span> <span class='ocrx_word' id='word_1_162' title='bbox 1746 1659 1880 1691; x_wconf 91' lang='lat' dir='ltr'>com-</span> 
     </span>
     <span class='ocr_line' id='line_1_20' title="bbox 311 1722 1881 1785; baseline 0.003 -15"><span class='ocrx_word' id='word_1_163' title='bbox 311 1722 491 1770; x_wconf 90' lang='lat' dir='ltr'>mendo</span> <span class='ocrx_word' id='word_1_164' title='bbox 517 1722 601 1770; x_wconf 89' lang='lat' dir='ltr'>tibi</span> <span class='ocrx_word' id='word_1_165' title='bbox 625 1737 737 1770; x_wconf 91' lang='lat' dir='ltr'>eum</span> <span class='ocrx_word' id='word_1_166' title='bbox 760 1739 770 1769; x_wconf 76' lang='lat'>1</span> <span class='ocrx_word' id='word_1_167' title='bbox 807 1723 1036 1785; x_wconf 92' lang='lat' dir='ltr'>quicquid</span> <span class='ocrx_word' id='word_1_168' title='bbox 1060 1724 1103 1771; x_wconf 91' lang='lat' dir='ltr'>ei</span> <span class='ocrx_word' id='word_1_169' title='bbox 1128 1724 1525 1784; x_wconf 89' lang='lat' dir='ltr'>commodaveris,</span> <span class='ocrx_word' id='word_1_170' title='bbox 1546 1725 1633 1774; x_wconf 91' lang='lat' dir='ltr'>erit</span> <span class='ocrx_word' id='word_1_171' title='bbox 1656 1725 1707 1774; x_wconf 94' lang='lat' dir='ltr'>id</span> <span class='ocrx_word' id='word_1_172' title='bbox 1729 1727 1881 1774; x_wconf 88' lang='lat' dir='ltr'>maio-</span> 
     </span>
     <span class='ocr_line' id='line_1_21' title="bbox 311 1804 1077 1865; baseline 0.001 -13"><span class='ocrx_word' id='word_1_173' title='bbox 311 1819 414 1852; x_wconf 93' lang='lat' dir='ltr'>rem</span> <span class='ocrx_word' id='word_1_174' title='bbox 437 1804 559 1851; x_wconf 76' lang='lat' dir='ltr'>mz&#39;hz&#39;</span> <span class='ocrx_word' id='word_1_175' title='bbox 575 1804 624 1850; x_wconf 92' lang='lat' dir='ltr'>in</span> <span class='ocrx_word' id='word_1_176' title='bbox 648 1804 850 1851; x_wconf 91' lang='lat' dir='ltr'>modum</span> <span class='ocrx_word' id='word_1_177' title='bbox 874 1811 1077 1865; x_wconf 85' lang='lat' dir='ltr'>gratum.</span> 
     </span>
    </p>
   </div>
   <div class='ocr_carea' id='block_1_3' title="bbox 639 1933 1552 1995">
    <p class='ocr_par' dir='ltr' id='par_1_3' title="bbox 639 1933 1552 1995">
     <span class='ocr_line' id='line_1_22' title="bbox 639 1933 1552 1995; baseline 0.002 -14"><span class='ocrx_word' id='word_1_178' title='bbox 639 1938 717 1982; x_wconf 88' lang='lat'>98.</span> <span class='ocrx_word' id='word_1_179' title='bbox 788 1933 882 1981; x_wconf 95' lang='lat' dir='ltr'>AD</span> <span class='ocrx_word' id='word_1_180' title='bbox 921 1934 1344 1982; x_wconf 89' lang='lat' dir='ltr'><strong>FAMILIARES</strong></span> <span class='ocrx_word' id='word_1_181' title='bbox 1381 1934 1468 1983; x_wconf 93' lang='lat' dir='ltr'>IV.</span> <span class='ocrx_word' id='word_1_182' title='bbox 1509 1947 1552 1995; x_wconf 88' lang='lat'>5.</span> 
     </span>
    </p>
   </div>
   <div class='ocr_carea' id='block_1_4' title="bbox 554 2029 1644 2167">
    <p class='ocr_par' dir='ltr' id='par_1_4' title="bbox 554 2029 1644 2167">
     <span class='ocr_line' id='line_1_23' title="bbox 554 2029 1644 2093; baseline 0.004 -16"><span class='ocrx_word' id='word_1_183' title='bbox 554 2029 662 2078; x_wconf 85' lang='lat' dir='ltr'><strong>SCR.</strong></span> <span class='ocrx_word' id='word_1_184' title='bbox 699 2030 918 2078; x_wconf 83' lang='lat' dir='ltr'>ATHENIS</span> <span class='ocrx_word' id='word_1_185' title='bbox 953 2045 1109 2078; x_wconf 84' lang='lat' dir='ltr'>MENSE</span> <span class='ocrx_word' id='word_1_186' title='bbox 1144 2030 1319 2077; x_wconf 85' lang='lat' dir='ltr'>APRILI</span> <span class='ocrx_word' id='word_1_187' title='bbox 1354 2045 1492 2079; x_wconf 89' lang='lat' dir='ltr'>A.U.c.</span> <span class='ocrx_word' id='word_1_188' title='bbox 1533 2042 1644 2093; x_wconf 85' lang='lat'><strong>709.</strong></span> 
     </span>
     <span class='ocr_line' id='line_1_24' title="bbox 836 2133 1358 2167; baseline 0 -1"><span class='ocrx_word' id='word_1_189' title='bbox 836 2133 1032 2167; x_wconf 81' lang='lat' dir='ltr'>SERvms</span> <span class='ocrx_word' id='word_1_190' title='bbox 1066 2134 1287 2167; x_wconf 76' lang='lat' dir='ltr'>CICERom</span> <span class='ocrx_word' id='word_1_191' title='bbox 1322 2133 1358 2166; x_wconf 82' lang='lat' dir='ltr'>s,</span> 
     </span>
    </p>
   </div>
   <div class='ocr_carea' id='block_1_5' title="bbox 314 2211 1883 2844">
    <p class='ocr_par' dir='ltr' id='par_1_5' title="bbox 314 2211 1883 2844">
     <span class='ocr_line' id='line_1_25' title="bbox 387 2211 1881 2274; baseline 0.001 -14"><span class='ocrx_word' id='word_1_192' title='bbox 387 2228 428 2262; x_wconf 92' lang='lat'>1.</span> <span class='ocrx_word' id='word_1_193' title='bbox 463 2211 656 2261; x_wconf 76' lang='lat' dir='ltr'>PoerA</span> <span class='ocrx_word' id='word_1_194' title='bbox 680 2227 826 2274; x_wconf 91' lang='lat' dir='ltr'>quam</span> <span class='ocrx_word' id='word_1_195' title='bbox 850 2212 966 2259; x_wconf 91' lang='lat' dir='ltr'>mihi</span> <span class='ocrx_word' id='word_1_196' title='bbox 991 2214 1315 2260; x_wconf 86' lang='lat' dir='ltr'>renuntiatum</span> <span class='ocrx_word' id='word_1_197' title='bbox 1340 2220 1412 2260; x_wconf 91' lang='lat' dir='ltr'>est</span> <span class='ocrx_word' id='word_1_198' title='bbox 1436 2212 1496 2260; x_wconf 95' lang='lat' dir='ltr'>de</span> <span class='ocrx_word' id='word_1_199' title='bbox 1521 2213 1655 2260; x_wconf 93' lang='lat' dir='ltr'>obitu</span> <span class='ocrx_word' id='word_1_200' title='bbox 1679 2213 1881 2273; x_wconf 90' lang='lat' dir='ltr'>Tulliae,</span> 
     </span>
     <span class='ocr_line' id='line_1_26' title="bbox 314 2294 1882 2358; baseline 0 -16"><span class='ocrx_word' id='word_1_201' title='bbox 314 2294 438 2342; x_wconf 89' lang='lat' dir='ltr'>filiae</span> <span class='ocrx_word' id='word_1_202' title='bbox 462 2302 586 2351; x_wconf 85' lang='lat' dir='ltr'>tuae,</span> <span class='ocrx_word' id='word_1_203' title='bbox 606 2309 722 2341; x_wconf 89' lang='lat' dir='ltr'>sane</span> <span class='ocrx_word' id='word_1_204' title='bbox 746 2309 892 2356; x_wconf 91' lang='lat' dir='ltr'>quam</span> <span class='ocrx_word' id='word_1_205' title='bbox 911 2309 999 2356; x_wconf 91' lang='lat' dir='ltr'>pro</span> <span class='ocrx_word' id='word_1_206' title='bbox 1025 2309 1084 2341; x_wconf 94' lang='lat' dir='ltr'>eo</span> <span class='ocrx_word' id='word_1_207' title='bbox 1110 2310 1166 2341; x_wconf 89' lang='lat' dir='ltr'>ac</span> <span class='ocrx_word' id='word_1_208' title='bbox 1191 2294 1335 2341; x_wconf 88' lang='lat' dir='ltr'>debui</span> <span class='ocrx_word' id='word_1_209' title='bbox 1358 2294 1561 2355; x_wconf 87' lang='lat' dir='ltr'>graviter</span> <span class='ocrx_word' id='word_1_210' title='bbox 1583 2295 1882 2358; x_wconf 92' lang='lat' dir='ltr'>molesteque</span> 
     </span>
     <span class='ocr_line' id='line_1_27' title="bbox 314 2375 1883 2439; baseline 0.001 -17"><span class='ocrx_word' id='word_1_211' title='bbox 314 2375 398 2423; x_wconf 91' lang='lat' dir='ltr'>tuli</span> <span class='ocrx_word' id='word_1_212' title='bbox 437 2389 844 2437; x_wconf 89' lang='lat' dir='ltr'>communemque</span> <span class='ocrx_word' id='word_1_213' title='bbox 886 2390 994 2422; x_wconf 89' lang='lat' dir='ltr'>eam</span> <span class='ocrx_word' id='word_1_214' title='bbox 1036 2376 1354 2423; x_wconf 85' lang='lat' dir='ltr'>calamitatem</span> <span class='ocrx_word' id='word_1_215' title='bbox 1395 2376 1672 2434; x_wconf 84' lang='lat' dir='ltr'>existimavi,</span> <span class='ocrx_word' id='word_1_216' title='bbox 1713 2377 1808 2439; x_wconf 92' lang='lat' dir='ltr'>qui,</span> <span class='ocrx_word' id='word_1_217' title='bbox 1845 2377 1883 2424; x_wconf 94' lang='lat' dir='ltr'>si</span> 
     </span>
     <span class='ocr_line' id='line_1_28' title="bbox 314 2456 1882 2519; baseline 0.001 -16"><span class='ocrx_word' id='word_1_218' title='bbox 314 2457 419 2504; x_wconf 91' lang='lat' dir='ltr'>istic</span> <span class='ocrx_word' id='word_1_219' title='bbox 461 2456 733 2514; x_wconf 89' lang='lat' dir='ltr'>adfuissem,</span> <span class='ocrx_word' id='word_1_220' title='bbox 778 2471 936 2518; x_wconf 90' lang='lat' dir='ltr'>neque</span> <span class='ocrx_word' id='word_1_221' title='bbox 977 2457 1061 2503; x_wconf 91' lang='lat' dir='ltr'>tibi</span> <span class='ocrx_word' id='word_1_222' title='bbox 1111 2456 1369 2503; x_wconf 88' lang='lat' dir='ltr'>defuissem</span> <span class='ocrx_word' id='word_1_223' title='bbox 1411 2471 1672 2519; x_wconf 90' lang='lat' dir='ltr'>coramque</span> <span class='ocrx_word' id='word_1_224' title='bbox 1719 2472 1882 2504; x_wconf 90' lang='lat' dir='ltr'>meum</span> 
     </span>
     <span class='ocr_line' id='line_1_29' title="bbox 315 2536 1882 2599; baseline 0.001 -15"><span class='ocrx_word' id='word_1_225' title='bbox 315 2537 531 2584; x_wconf 92' lang='lat' dir='ltr'>dolorem</span> <span class='ocrx_word' id='word_1_226' title='bbox 567 2537 652 2584; x_wconf 92' lang='lat' dir='ltr'>tibi</span> <span class='ocrx_word' id='word_1_227' title='bbox 689 2536 1022 2585; x_wconf 89' lang='lat' dir='ltr'>declarassem.</span> <span class='ocrx_word' id='word_1_228' title='bbox 1091 2536 1196 2584; x_wconf 92' lang='lat' dir='ltr'>Etsi</span> <span class='ocrx_word' id='word_1_229' title='bbox 1230 2553 1384 2599; x_wconf 88' lang='lat' dir='ltr'>genus</span> <span class='ocrx_word' id='word_1_230' title='bbox 1413 2537 1508 2585; x_wconf 90' lang='lat' dir='ltr'>hoc</span> <span class='ocrx_word' id='word_1_231' title='bbox 1540 2538 1882 2586; x_wconf 88' lang='lat' dir='ltr'>consolationis</span> 
     </span>
     <span class='ocr_line' id='line_1_30' title="bbox 316 2620 1883 2682; baseline 0.001 -16"><span class='ocrx_word' id='word_1_232' title='bbox 316 2620 546 2666; x_wconf 89' lang='lat' dir='ltr'>miserum</span> <span class='ocrx_word' id='word_1_233' title='bbox 578 2628 721 2681; x_wconf 90' lang='lat' dir='ltr'>atque</span> <span class='ocrx_word' id='word_1_234' title='bbox 754 2620 981 2668; x_wconf 89' lang='lat' dir='ltr'>acerbum</span> <span class='ocrx_word' id='word_1_235' title='bbox 1014 2628 1099 2678; x_wconf 88' lang='lat' dir='ltr'>est,</span> <span class='ocrx_word' id='word_1_236' title='bbox 1125 2628 1380 2682; x_wconf 88' lang='lat' dir='ltr'>propterea</span> <span class='ocrx_word' id='word_1_237' title='bbox 1404 2621 1530 2682; x_wconf 89' lang='lat' dir='ltr'>quia,</span> <span class='ocrx_word' id='word_1_238' title='bbox 1556 2635 1640 2682; x_wconf 92' lang='lat' dir='ltr'>per</span> <span class='ocrx_word' id='word_1_239' title='bbox 1671 2635 1794 2682; x_wconf 92' lang='lat' dir='ltr'>quos</span> <span class='ocrx_word' id='word_1_240' title='bbox 1826 2636 1883 2668; x_wconf 88' lang='lat' dir='ltr'>ea</span> 
     </span>
     <span class='ocr_line' id='line_1_31' title="bbox 318 2696 1882 2767; baseline 0.001 -21"><span class='ocrx_word' id='word_1_241' title='bbox 318 2700 515 2746; x_wconf 89' lang='lat' dir='ltr'>confieri</span> <span class='ocrx_word' id='word_1_242' title='bbox 549 2701 691 2747; x_wconf 92' lang='lat' dir='ltr'>debet</span> <span class='ocrx_word' id='word_1_243' title='bbox 719 2697 1040 2765; x_wconf 91' lang='lat' dir='ltr'>[propinquos</span> <span class='ocrx_word' id='word_1_244' title='bbox 1074 2715 1130 2748; x_wconf 91' lang='lat' dir='ltr'>ac</span> <span class='ocrx_word' id='word_1_245' title='bbox 1154 2696 1446 2767; x_wconf 86' lang='lat' dir='ltr'>familiares],</span> <span class='ocrx_word' id='word_1_246' title='bbox 1472 2701 1503 2747; x_wconf 94' lang='lat' dir='ltr'>ii</span> <span class='ocrx_word' id='word_1_247' title='bbox 1527 2701 1619 2762; x_wconf 90' lang='lat' dir='ltr'>ipsi</span> <span class='ocrx_word' id='word_1_248' title='bbox 1642 2702 1744 2763; x_wconf 90' lang='lat' dir='ltr'>pari</span> <span class='ocrx_word' id='word_1_249' title='bbox 1777 2716 1882 2748; x_wconf 92' lang='lat' dir='ltr'>mo-</span> 
     </span>
     <span class='ocr_line' id='line_1_32' title="bbox 316 2780 1881 2844; baseline 0.001 -16"><span class='ocrx_word' id='word_1_250' title='bbox 316 2781 452 2828; x_wconf 86' lang='lat' dir='ltr'>lestia</span> <span class='ocrx_word' id='word_1_251' title='bbox 500 2780 783 2828; x_wconf 90' lang='lat' dir='ltr'>adficiuntur</span> <span class='ocrx_word' id='word_1_252' title='bbox 823 2797 980 2844; x_wconf 91' lang='lat' dir='ltr'>neque</span> <span class='ocrx_word' id='word_1_253' title='bbox 1025 2782 1130 2829; x_wconf 88' lang='lat' dir='ltr'>sine</span> <span class='ocrx_word' id='word_1_254' title='bbox 1172 2782 1376 2829; x_wconf 86' lang='lat' dir='ltr'>lacrimis</span> <span class='ocrx_word' id='word_1_255' title='bbox 1424 2782 1582 2830; x_wconf 92' lang='lat' dir='ltr'>multis</span> <span class='ocrx_word' id='word_1_256' title='bbox 1624 2782 1674 2829; x_wconf 95' lang='lat' dir='ltr'>id</span> <span class='ocrx_word' id='word_1_257' title='bbox 1719 2785 1881 2830; x_wconf 85' lang='lat' dir='ltr'>conari</span> 
     </span>
    </p>
   </div>
   <div class='ocr_carea' id='block_1_6' title="bbox 2031 307 2040 889">
    <p class='ocr_par' dir='ltr' id='par_1_6' title="bbox 2031 307 2040 889">
     <span class='ocr_line' id='line_1_33' title="bbox 2031 307 2040 889; textangle 90"><span class='ocrx_word' id='word_1_258' title='bbox 2034 706 2040 889; x_wconf 64' lang='grc'>.-........-....</span> <span class='ocrx_word' id='word_1_259' title='bbox 2035 621 2040 691; x_wconf 57' lang='grc' dir='ltr'>μ...</span> <span class='ocrx_word' id='word_1_260' title='bbox 2031 514 2040 605; x_wconf 64' lang='lat'>,--——</span> <span class='ocrx_word' id='word_1_261' title='bbox 2036 430 2040 503; x_wconf 78' lang='lat'><em>-.....</em></span> <span class='ocrx_word' id='word_1_262' title='bbox 2035 375 2040 389; x_wconf 33' lang='lat' dir='ltr'>.r</span> <span class='ocrx_word' id='word_1_263' title='bbox 2036 330 2040 346; x_wconf 87' lang='lat'>..</span> <span class='ocrx_word' id='word_1_264' title='bbox 2036 307 2040 317; x_wconf 44' lang='lat'>⁴</span> 
     </span>
    </p>
   </div>
  </div>
 </body>
</html>
