2040 3048
189 129 454 196 Ep.96,97-]
499 138 686 180 EPIST.
715 138 797 177 AD
838 138 1208 178 FAMILIARES
1246 138 1379 177 xm.
1416 126 1494 178 16.
1659 138 1759 192 207

186 266 421 330 possum?
458 264 591 328 quod
616 272 777 313 autem
802 264 1027 312 homines
1052 279 1081 312 a
1114 279 1193 312 me
1227 252 1472 326 postulare
1507 262 1689 321 scribiS,
1715 268 1769 310 ul

185 347 363 395 Romae
388 349 491 406 sim,
515 363 652 410 neque
676 347 804 405 mihi,
830 351 884 394 ut
911 346 1069 404 absim,
1097 346 1337 404 concedere,
1363 351 1444 393 aut
1470 345 1502 403 †
1529 353 1766 407 quatenus

186 444 272 478 eos
297 429 413 477 mihi
439 428 720 487 concedere,
747 429 844 476 iam
870 428 1058 491 pridem
1089 428 1209 475 scito
1243 442 1364 484 esse,
1391 441 1501 474 cum
1534 441 1686 473 unum
1719 434 1766 475 te

186 512 332 575 pluris
370 526 518 574 quam
560 525 732 559 omnes
768 510 874 558 illos
912 518 1093 573 putem.
1166 508 1243 557 Ne
1285 525 1364 557 me
1407 508 1604 572 quidem
1647 523 1765 556 con-

184 602 367 652 temn0,
397 608 606 656 meoque
639 592 819 643 iudicio
854 592 1007 639 multo
1042 601 1166 639 stare
1200 591 1329 640 malo
1364 606 1511 655 quam
1547 591 1766 638 omnium

184 676 502 739 reliquorum;
541 690 701 739 neque
726 683 889 722 tamen
915 674 1202 738 progredior
1235 674 1443 736 longius,
1470 688 1618 736 quam
1651 672 1767 720 mihi

186 758 473 806 doctissimi*
496 756 721 805 homines
768 756 1058 814 concedunt,
1108 771 1315 819 quorum
1363 755 1540 817 scripta
1587 754 1766 813 omnia,

183 855 519 903 quaecumque
562 847 674 888 sunt
715 839 765 888 in
807 853 918 886 eam
960 839 1262 897 sententiam,
1302 853 1403 886 non
1450 837 1545 899 legi
1593 836 1765 894 solum,

184 921 317 985 quod
341 922 498 984 ipsum
525 929 623 970 erat
647 921 782 970 fortis
807 921 1004 983 aegroti,
1031 921 1249 983 accipere
1275 920 1580 978 medicinam,
1607 918 1693 966 sed
1717 919 1767 965 in

184 1019 294 1051 mea
335 1005 479 1052 etiam
516 1004 693 1066 scripta
728 1003 961 1059 transtuli,
1000 1003 1135 1064 quod
1171 1011 1297 1050 certe
1334 1002 1513 1050 adflicti
1550 1008 1597 1048 et
1632 1000 1767 1048 fracti

184 1085 332 1132 animi
357 1101 458 1134 non
483 1086 582 1134 fuit.
654 1086 733 1133 Ab
758 1085 830 1133 his
856 1099 935 1132 me
961 1083 1186 1132 remediis
1212 1085 1311 1133 noli
1336 1085 1385 1131 in
1409 1085 1552 1131 istam
1577 1083 1767 1130 turbam

186 1181 374 1226 vocare,
400 1182 461 1214 ne
486 1167 711 1215 recidam.

475 1303 555 1348 97.
626 1298 720 1346 AD
757 1298 1176 1347 FAMILIARES
1215 1298 1356 1345 XIII.
1402 1300 1476 1346 16.

425 1394 534 1444 SCR.
572 1394 805 1442 ASTURAE
842 1410 998 1442 MENSE
1034 1395 1210 1443 APR1L1
1246 1408 1383 1442 A.U.c.
1425 1403 1535 1454 709.

707 1497 878 1530 CICERO
913 1497 1114 1530 CAESARI
1148 1497 1247 1530 SAL.

261 1595 300 1628 1.
336 1579 387 1627 P.
424 1579 652 1628 CRASSUM
684 1594 744 1627 ex
778 1579 912 1626 omni
945 1579 1193 1627 nobilitate
1226 1578 1587 1627 adulescentem
1624 1576 1768 1626 dilexi

189 1662 461 1724 plurimum,
499 1669 547 1709 et
582 1676 643 1709 ex
684 1676 744 1709 eo
787 1676 900 1709 cum
947 1662 1010 1709 ab
1052 1661 1248 1709 ineunte
1296 1661 1398 1710 eius
1446 1667 1600 1710 aetate
1641 1661 1768 1707 bene

189 1743 518 1806 speravissem,
561 1750 664 1791 tum
703 1743 915 1806 perbene
963 1743 1235 1790 existimare
1285 1743 1427 1805 coepi
1465 1742 1521 1790 iis
1568 1741 1767 1800 iudiciis,

189 1840 312 1887 quae
349 1825 410 1873 de
443 1839 502 1872 eo
532 1823 729 1883 feceras,
756 1825 979 1887 cognitis,
1048 1824 1170 1873 Eius
1202 1825 1426 1873 libertum
1450 1825 1767 1887 Apollonium

189 1908 285 1954 iam
317 1914 421 1954 tum
453 1906 693 1969 equidem,
721 1921 835 1954 cum
868 1906 946 1954 ille
970 1906 1162 1965 viveret,
1187 1914 1235 1954 et
1267 1907 1433 1969 magni
1456 1907 1695 1955 faciebam
1722 1914 1768 1954 et

190 1989 460 2052 probabam
481 2003 491 2036 :
529 1996 630 2036 erat
654 1989 784 2035 enim
809 1996 856 2036 et
881 1988 1125 2037 studiosus
1151 1987 1316 2037 Crassi
1349 1997 1397 2037 et
1429 1989 1492 2038 ad
1516 1989 1619 2039 eius
1644 1989 1767 2052 opti-

192 2085 274 2119 ma
318 2070 476 2118 studia
510 2069 819 2119 vehementer
866 2077 1040 2134 aptus;
1090 2071 1251 2135 itaque
1293 2072 1355 2119 ab
1397 2086 1458 2119 eo
1499 2072 1767 2120 admodum

190 2152 489 2215 diligebatur.
565 2168 607 2201 2.
644 2151 763 2200 Post
786 2159 993 2199 mortem
1018 2161 1180 2200 autem
1207 2151 1369 2201 Crassi
1395 2168 1455 2201 eo
1480 2153 1598 2201 mihi
1623 2155 1768 2202 etiam

191 2234 381 2297 dignior
409 2234 537 2282 visus
574 2242 659 2292 est,
685 2248 832 2296 quem
868 2234 918 2282 in
951 2235 1099 2283 fidem
1135 2244 1278 2297 atque
1314 2236 1573 2284 amicitiam
1606 2251 1767 2284 meam

189 2316 468 2377 reciperem,
493 2315 627 2379 quod
659 2331 744 2364 eos
773 2331 802 2364 a
835 2331 885 2363 se
918 2317 1250 2365 observandos
1283 2324 1330 2365 et
1362 2316 1597 2365 colendos
1630 2326 1767 2379 puta-

192 2397 290 2456 bat,
318 2412 441 2460 quos
465 2397 541 2445 ille
568 2397 811 2446 dilexisset
837 2406 884 2445 et
909 2398 1083 2460 quibus
1110 2412 1248 2445 carus
1273 2397 1454 2446 fuisset.
1526 2398 1696 2461 Itaque
1721 2408 1768 2448 et

191 2478 255 2526 ad
283 2493 362 2526 me
394 2478 444 2527 in
476 2477 694 2526 Ciliciam
718 2479 846 2527 venit
879 2479 1137 2541 multisque
1170 2479 1220 2526 in
1252 2480 1395 2527 rebus
1431 2479 1548 2526 mihi
1584 2495 1766 2542 magno

191 2558 299 2606 usui
331 2558 418 2605 fuit
452 2566 498 2606 et
529 2558 650 2607 fides
684 2561 786 2608 eius
819 2568 866 2608 et
897 2560 1165 2623 prudentia,
1200 2567 1259 2618 et,
1291 2568 1343 2608 ut
1375 2562 1565 2624 opinor,
1598 2562 1683 2610 tibi
1716 2564 1765 2611 in

191 2641 520 2710 Alexandrino
555 2642 696 2700 be110‚
721 2652 955 2705 quantum
992 2643 1151 2691 studio
1188 2650 1235 2690 et
1269 2643 1495 2692 fidelitate
1531 2648 1764 2708 consequi

193 2724 363 2787 potuit,
396 2737 498 2771 non
533 2722 712 2772 defuit:
753 2740 796 2786 3.
834 2725 968 2786 quod
1004 2740 1115 2773 cum
1153 2733 1365 2787 speraret
1399 2734 1446 2774 te
1471 2741 1666 2788 quoque
1700 2728 1766 2776 ita

191 2804 479 2863 existimare,
504 2804 553 2853 in
586 2803 877 2869 Hispaniam
911 2806 972 2853 ad
1004 2814 1065 2865 te,
1095 2807 1305 2855 maxime
1335 2807 1412 2855 ille
1445 2808 1641 2872 quidem
1675 2825 1763 2858 suo
