2040 3048
177 103 384 175 Ep.129.]
509 115 694 158 EPIST.
734 113 814 155 AD
852 113 1230 154 FAMILIARES
1267 113 1321 156 X.
1365 116 1449 172 31.
1655 112 1758 172 255

178 261 222 306 3.
262 244 522 294 Caesarem
556 257 683 301 vem,
711 241 844 306 quod
878 257 957 290 me
993 242 1042 289 in
1077 248 1210 290 tanta
1244 241 1436 290 fortuna
1464 239 1616 288 modo
1643 254 1758 300 cog-

175 327 329 373 nitum
348 323 777 375 vetustissimorum
797 323 1100 372 familiarium
1121 324 1231 372 loco
1257 323 1436 381 habuit,
1458 321 1602 370 dilexi
1628 336 1758 369 sum-

175 424 255 456 ma
281 423 391 455 cum
422 408 596 470 pietate
622 413 670 453 et
704 406 816 453 fide.
890 406 1031 466 Quae
1058 422 1166 454 mea
1193 405 1429 453 sententia
1453 419 1618 467 gerere
1643 402 1759 451 mihi

176 490 319 547 licuit,
345 490 411 537 ita
435 488 539 547 feci,
564 496 616 537 ut
641 488 855 552 optimus
882 489 1085 551 quisque
1111 489 1322 536 maxime
1348 486 1560 550 probarit
1575 502 1588 546 3
1628 485 1760 548 quod

175 572 333 620 iussus
358 586 480 628 sum,
507 584 566 618 eo
592 578 810 632 tempore
844 578 988 633 atque
1014 571 1079 619 ita
1111 570 1216 628 feci,
1243 578 1294 618 ut
1328 577 1580 631 appareret
1613 568 1760 616 invito

176 652 464 716 imperatum
496 666 618 703 esse,
690 650 840 699 Cuius
875 652 987 700 facti
1020 652 1332 700 iniustissima
1365 651 1542 699 invidia
1572 650 1758 699 erudire

174 751 254 783 me
294 735 463 798 potuit,
507 749 654 796 quam
696 734 908 782 iucunda
948 735 1141 783 libertas
1181 743 1228 782 et
1267 749 1414 796 quam
1455 734 1631 781 misera
1669 732 1760 780 sub

175 816 505 864 dominatione
545 816 639 863 vita
681 822 823 868 esset.
896 816 984 878 Ita,
1026 818 1065 865 si
1109 817 1158 865 id
1200 817 1369 879 agitur,
1410 823 1462 863 ut
1503 830 1667 863 rursus
1710 816 1758 862 in

173 906 415 960 potestate·
458 898 626 946 omnia
671 899 816 946 unius
864 899 971 958 sint,
1021 900 1316 962 quicumque
1364 899 1404 946 is
1453 905 1539 956 est,
1589 898 1632 946 ei
1679 913 1758 945 me

173 982 403 1045 profiteor
439 981 713 1039 inimicum;
758 997 850 1030 nec
886 982 1152 1045 periculum
1189 990 1261 1031 est
1296 982 1461 1038 ullum,
1500 981 1634 1045 quod
1669 995 1758 1043 pro

173 1063 388 1111 libertate
448 1071 528 1111 aut
585 1062 819 1126 refugiam
879 1072 960 1112 aut
1021 1065 1265 1127 deprecer.
1339 1079 1385 1123 4.
1426 1062 1523 1112 Sed
1583 1078 1758 1112 consu-

173 1146 242 1194 les
296 1160 454 1209 neque
508 1153 703 1194 senatus
756 1146 978 1194 consulto
1033 1162 1193 1210 neque
1245 1147 1411 1197 litteris
1467 1146 1565 1195 suis
1621 1161 1758 1209 prae-

174 1236 402 1290 ceperant
460 1227 591 1286 mihi,
640 1227 757 1291 quid
815 1227 1055 1288 facerem;
1115 1245 1239 1277 unas
1292 1230 1424 1278 enim
1476 1237 1589 1294 post
1642 1228 1759 1277 Idus

173 1309 375 1359 Martias
412 1309 610 1357 demum
647 1324 675 1356 a
710 1309 870 1358 Pansa
906 1311 1085 1359 litteras
1122 1311 1304 1373 accepi,
1341 1311 1392 1360 in
1434 1311 1609 1374 quibus
1647 1311 1759 1358 hor-

174 1400 298 1440 tatur
329 1407 422 1450 me,
453 1399 506 1439 ut
538 1391 725 1439 senatui
762 1392 972 1440 scribam
1008 1408 1088 1440 me
1125 1400 1171 1440 et
1208 1394 1471 1443 exercitum
1509 1394 1558 1440 in
1594 1402 1757 1456 potes-

174 1481 268 1522 tate
315 1475 418 1522 eius
469 1473 708 1520 futurum:
770 1474 918 1535 quod,
968 1490 1082 1522 cum
1135 1474 1351 1537 Lepidus
1403 1476 1760 1526 contionaretur

172 1564 317 1619 atque
362 1555 591 1604 omnibus
646 1556 877 1604 scriberet
930 1572 981 1604 se
1033 1559 1304 1606 consentire
1359 1574 1470 1606 cum
1525 1558 1758 1618 AntoniO,

173 1640 384 1687 maxime
421 1638 714 1686 contrarium
751 1637 872 1698 fuit3
932 1655 1048 1686 nam
1084 1641 1258 1702 quibus
1297 1642 1651 1690 commeatibus
1687 1643 1760 1689 in-

175 1722 270 1768 vito
312 1720 393 1767 illo
435 1735 521 1781 per
561 1718 686 1767 illius
733 1721 1033 1782 provinciam
1080 1722 1300 1785 legiones
1342 1723 1604 1773 ducerem?
1663 1733 1758 1784 aut,

174 1805 213 1852 si
255 1811 413 1851 cetera
453 1801 749 1860 transissem,
794 1817 913 1849 num
957 1804 1102 1852 etiam
1145 1805 1298 1868 Alpes
1340 1813 1561 1868 poteram
1607 1814 1759 1855 trans-

171 1886 346 1944 volare,
373 1899 497 1948 quae
532 1884 774 1946 praesidio
811 1885 937 1933 illius
974 1888 1235 1935 tenentur?
1305 1887 1450 1936 Adde
1486 1888 1595 1947 huc,
1627 1890 1761 1952 quod

171 1967 368 2031 perferri
414 1966 595 2013 litterae
646 1965 776 2012 nulla
825 1967 1114 2016 condicione
1171 1977 1463 2032 potuerunt3
1523 1972 1759 2020 sescentis

171 2051 302 2098 enim
333 2049 452 2097 locis
484 2047 799 2106 excutiuntur,
828 2049 1003 2097 deinde
1042 2052 1186 2099 etiam
1225 2053 1490 2100 retinentur
1522 2053 1586 2100 ab
1614 2052 1761 2116 Lepi-

171 2133 236 2181 do
271 2130 512 2180 tabellarii.
587 2140 630 2190 5.
670 2129 796 2178 Illud
831 2146 911 2179 me
950 2132 1211 2182 Cordubae
1254 2150 1343 2197 pro
1383 2136 1612 2184 contione
1654 2137 1758 2184 dix-

170 2216 265 2264 isse
301 2228 446 2263 nemo
483 2211 674 2260 vocabit
709 2213 759 2260 in
796 2213 1012 2274 dubium,
1051 2217 1350 2278 provinciam
1384 2233 1464 2265 me
1501 2218 1631 2276 nulli,
1666 2219 1759 2266 nisi

171 2298 254 2360 qui
304 2298 367 2345 ab
422 2303 592 2344 senatu
644 2297 822 2346 missus
878 2299 1099 2357 venisset,
1162 2299 1477 2348 traditurum:
1534 2316 1650 2348 nam
1699 2301 1759 2349 de

171 2380 363 2442 legione
395 2378 670 2427 tricensima
701 2380 937 2428 tradenda
971 2389 1176 2443 quantas
1211 2383 1548 2429 contentiones
1579 2382 1759 2431 habue-

171 2463 263 2511 rim
287 2460 404 2523 quid
428 2474 521 2521 ego
547 2461 787 2509 scribam?
825 2477 922 2524 qua
954 2463 1125 2511 tradita
1150 2471 1332 2526 quanto
1367 2478 1456 2526 pro
1481 2480 1532 2512 re
1565 2465 1759 2527 publica

172 2544 403 2592 infirmior
431 2542 617 2590 futurus
651 2543 836 2603 fuerim,
872 2546 978 2607 quis
1013 2546 1239 2607 ignorat?
1274 2545 1366 2594 hac
1402 2546 1530 2593 enim
1564 2546 1758 2610 legione

173 2627 270 2674 noli
312 2626 466 2675 acrius
503 2634 583 2672 aut
624 2627 893 2688 pugnacius
938 2628 1197 2690 quicquam
1240 2636 1406 2690 putare
1450 2644 1571 2676 esse.
1644 2629 1758 2689 Qua

172 2725 223 2756 re
265 2723 376 2756 eum
416 2723 498 2755 me
537 2708 756 2756 existima
797 2725 916 2767 esse,
956 2710 1038 2772 qui
1079 2711 1287 2771 primum
1332 2711 1465 2773 pacis
1507 2712 1756 2774 cupidissi-

173 2806 281 2841 mus
315 2790 650 2839 sim-omnes
682 2791 812 2838 enim
847 2792 973 2839 cives
1005 2792 1149 2854 plane
1186 2792 1356 2840 studeo
1381 2808 1486 2841 esse
1512 2793 1755 2857 salvos-—,
