2040 3048
120 133 189 185 Ep.
217 119 301 190 34]
430 127 615 179 EPIST.
655 127 738 167 AD
774 126 1147 168 FAMILIARES
1191 127 1313 165 VJJJ.
1358 113 1403 166 8.
1616 124 1680 181 97

116 279 280 313 EORVM
327 277 525 312 wmcvm
572 275 726 310 MAIOR
767 275 882 308 PARS
924 275 1184 318 1vn1cAR1T,
1221 275 1272 307 11)
1313 273 1386 307 rvs
1426 272 1690 313 RATVMQVE

117 362 249 405 Es'ro,
280 347 329 393 in
365 344 551 393 tabulas
588 343 863 391 absolutum
901 357 1001 390 non
1035 342 1223 400 rettulit,
1258 341 1483 389 ordinum
1519 340 1696 388 iudicia

115 429 413 493 perscripsit;
452 426 723 490 postulante
754 440 914 473 rursus
941 425 1103 487 Appio
1130 439 1241 473 cum
1271 423 1327 471 L.
1354 422 1510 470 Lollio
1544 431 1695 469 trans-

116 514 212 575 egit
255 519 303 560 et
345 526 396 559 se
437 510 696 558 relaturum
745 508 876 556 dixit.
950 507 1029 555 Sic
1071 522 1202 554 nunc
1243 521 1402 568 neque
1446 504 1695 552 absolutus

116 610 272 657 neque
322 594 578 641 damnatus
628 590 851 638 Servilius
899 590 960 638 de
1007 588 1284 651 repetundis
1338 589 1528 635 saucius
1576 586 1696 634 Pilio

117 676 338 725 tradetur.
410 674 539 722 Nam
577 673 637 721 de
674 672 965 721 divinatione
1001 672 1206 734 Appius,
1250 685 1361 718 cum
1405 669 1693 718 calumniam

116 759 329 815 iurasset,
377 755 670 804 contendere
718 770 864 803 ausus
913 769 1013 802 non
1066 762 1139 801 est
1187 753 1406 814 Pilioque
1454 751 1610 809 cessit,
1652 759 1699 799 et

117 841 219 903 ipse
257 839 318 887 de
354 837 570 900 pecuniis
606 837 883 899 repetundis
921 853 949 884 a
987 835 1193 884 Serviliis
1236 843 1307 882 est
1349 833 1616 897 postulatus
1653 841 1700 882 et

117 930 364 985 praeterea
389 921 448 968 de
472 920 517 967 vi
541 934 649 967 reus
675 935 703 967 a
727 919 939 981 quodam
976 934 1066 966 suo
1091 917 1354 975 emissario,
1383 915 1491 964 Sex.
1517 914 1698 973 Tettio,

118 1003 286 1052 factus.
358 1002 511 1049 Recte
547 1001 642 1049 hoc
677 1017 763 1063 par
799 1001 956 1049 habet.
1030 1015 1075 1059 4.
1114 999 1264 1059 Quod
1300 998 1363 1046 ad
1403 1013 1506 1046 rem
1543 997 1699 1060 publi-

121 1101 230 1134 cam
263 1084 481 1148 pertinet,
508 1082 710 1130 omnino
743 1082 905 1130 multis
939 1081 1109 1129 diebus
1135 1080 1495 1143 exspectatione
1522 1079 1699 1128 Gallia-

120 1183 226 1216 rum
264 1175 424 1214 actum
461 1164 578 1212 nihil
614 1172 686 1212 est
705 1180 717 1223 ;
774 1164 1034 1226 aliquando
1072 1171 1250 1221 tamen,
1289 1178 1434 1226 saepe
1471 1178 1520 1210 re
1556 1162 1702 1210 dilata

121 1258 168 1297 et
199 1249 404 1311 graviter
436 1254 543 1294 acta
567 1253 614 1293 et
644 1246 787 1308 plane
813 1253 1070 1308 perspecta
1095 1244 1185 1293 Cn.
1212 1244 1434 1308 Pompeii
1458 1245 1702 1293 voluntate

121 1332 171 1378 in
204 1345 312 1380 eam
344 1336 545 1393 partem,
570 1335 622 1374 ut
654 1342 766 1374 eum
800 1326 1035 1375 decedere
1071 1335 1183 1388 post
1216 1326 1465 1374 Kalendas
1502 1325 1702 1374 Martias

124 1413 348 1476 placeret,
389 1417 583 1457 senatus
622 1408 912 1466 consultum,
951 1408 1087 1470 quod
1123 1408 1208 1456 tibi
1250 1407 1372 1467 misi,
1413 1407 1592 1456 factum
1630 1418 1703 1457 est

125 1494 527 1554 auctoritatesque
553 1492 858 1553 perscriptae.

195 1587 238 1637 5.
277 1574 325 1622 S.
351 1573 407 1621 C.
432 1572 841 1620 Auctoritates.
901 1571 987 1621 Pr.
1014 1572 1138 1620 Kal.
1166 1572 1451 1622 Octobres
1481 1572 1535 1620 in
1560 1574 1702 1622 aede

127 1656 419 1721 Apollinis
451 1655 618 1702 scrib.
652 1654 961 1702 adfuerunt
994 1654 1048 1702 L.
1074 1654 1364 1702 Domitius
1395 1653 1493 1702 Cn.
1518 1655 1548 1703 f.
1573 1655 1702 1704 Fab.

130 1737 568 1791 Ahenobarbus,
618 1734 681 1794 Q.
724 1735 1016 1783 Caecilius
1066 1735 1127 1794 Q.
1177 1735 1209 1783 f.
1257 1735 1387 1783 Fab.
1438 1735 1707 1786 Metellus

131 1823 264 1870 Pius
299 1819 513 1880 Scipio,
538 1817 593 1865 L.
619 1817 832 1866 Villius
865 1818 920 1866 L.
946 1817 999 1866 F.
1025 1817 1175 1866 Pom.
1203 1818 1459 1876 Annalis,
1493 1818 1548 1867 C.
1576 1819 1708 1883 Sep-

131 1903 325 1952 timius
362 1900 423 1948 T.
454 1899 485 1948 f.
520 1898 777 1958 Quirina,
815 1899 870 1948 C.
897 1900 1152 1948 Lucilius
1187 1899 1241 1949 C.
1269 1900 1301 1949 f.
1327 1900 1460 1963 Pup.
1486 1900 1707 1960 HirruS,

135 1985 190 2033 C.
218 1981 560 2031 Scribonius
598 1979 653 2028 C.
687 1979 718 2028 f.
756 1981 888 2044 Pop.
916 1981 1106 2042 Curio,
1143 1983 1199 2031 L.
1233 1983 1434 2031 Ateius
1471 1982 1526 2031 L.
1552 1982 1583 2031 f.
1608 1984 1710 2031 An.

135 2066 357 2128 Capito,
392 2063 462 2111 M.
493 2062 712 2125 Eppius
749 2062 820 2111 M.
844 2063 876 2112 f.
903 2063 1028 2113 Ter.
1100 2063 1268 2124 Quod
1301 2065 1370 2113 M.
1400 2064 1712 2113 Marcellus

136 2163 249 2197 cos.
274 2163 316 2194 v.
344 2145 375 2193 f.
401 2145 469 2193 de
500 2145 820 2207 provinciis
851 2147 1272 2204 consularibus,
1299 2147 1346 2195 d.
1370 2162 1413 2194 e.
1436 2162 1472 2194 r.
1497 2147 1526 2195 i.
1552 2164 1607 2205 c.,
1632 2148 1712 2196 uti

135 2228 192 2276 L.
231 2226 440 2275 Paulus
488 2225 543 2274 C.
584 2226 895 2275 Marcellus
943 2242 1103 2285 coss,
1142 2243 1269 2276 cum
1315 2229 1714 2290 magistratum

136 2310 397 2367 inissent,
440 2323 509 2356 ex
552 2308 676 2357 Kal.
718 2307 896 2367 Mart„
940 2323 1083 2371 quae
1131 2311 1187 2357 in
1228 2325 1331 2358 suo
1372 2311 1715 2372 magistratu

139 2391 364 2438 futurae
423 2398 633 2448 essent,
690 2390 757 2438 de
818 2391 1224 2439 consularibus
1276 2392 1592 2454 provinciis
1647 2394 1715 2441 ad

140 2481 402 2521 senatum
436 2471 732 2530 referrent,
763 2488 904 2520 neve
940 2473 1076 2535 quid
1110 2474 1268 2535 prius
1304 2489 1372 2521 ex
1405 2473 1527 2521 Kal.
1553 2473 1715 2524 Mart.

141 2555 209 2603 ad
240 2562 498 2602 senatum
530 2554 824 2612 referrent,
848 2570 988 2602 neve
1013 2556 1148 2618 quid
1173 2556 1529 2604 coniunctim
1554 2557 1621 2605 de
1652 2573 1717 2607 ea

141 2651 198 2684 re
236 2635 546 2683 referretur
583 2651 612 2684 a
647 2636 1001 2695 consulibus,
1038 2638 1235 2699 utique
1273 2638 1388 2686 eius
1423 2639 1507 2686 rei
1543 2654 1716 2689 causa

143 2732 242 2780 per
283 2716 403 2764 dies
452 2718 780 2767 comitiales
825 2726 1086 2767 senatum
1136 2719 1416 2768 haberent
1462 2730 1719 2770 senatus-

144 2812 253 2860 que
294 2812 446 2846 conS.
482 2798 749 2859 facerent,
787 2808 854 2858 et,
894 2816 1018 2849 cum
1058 2800 1125 2848 de
1160 2816 1225 2848 ea
1259 2816 1316 2850 re
1353 2801 1422 2850 ad
1459 2812 1720 2853 senatum

914 2897 950 2929 H
