2040 3048
143 121 212 174 Ep.
240 132 309 173 39,
336 107 424 176 40.]
452 116 641 158 EPIST.
683 115 765 155 AD
801 114 1174 156 FAMILIARES
1213 115 1306 156 XV.
1348 111 1392 157 6.
1628 114 1728 171 115

143 268 362 316 regnum,
406 251 650 300 sociorum
692 258 966 298 revocatam
1008 250 1070 298 ad
1108 248 1318 298 studium
1355 246 1541 310 imperii
1578 246 1727 293 nostri

144 335 439 383 voluntatem
475 332 714 381 sententia
750 347 862 380 mea
898 339 945 379 et
982 331 1176 379 decreto
1213 329 1475 388 laudarem,
1507 327 1613 376 feci.
1688 342 1729 375 2.

146 417 562 480 Supplicationem
597 414 856 472 decretam,
896 414 935 462 si
972 421 1036 473 tu,
1065 429 1162 476 qua
1197 413 1247 460 in
1283 428 1333 460 re
1367 411 1485 459 nihil
1520 409 1730 465 fortuito,

145 500 231 549 sed
256 513 447 548 summa
470 505 552 546 tua
576 496 762 545 ratione
796 503 844 543 et
879 495 1176 543 continentia
1208 495 1276 543 rei
1313 494 1535 557 publicae
1571 491 1732 555 provi-

146 597 254 629 sum
278 588 363 639 est,
389 580 462 628 dis
494 577 846 627 immortalibus
877 577 1102 639 gratulari
1137 592 1227 624 nos
1263 591 1410 640 quam
1442 575 1528 623 tibi
1556 574 1731 622 referre

146 670 400 725 acceptum
426 660 592 718 mavis,
613 659 834 721 gaudeo:
873 659 1008 721 quod
1029 659 1069 707 si
1093 658 1325 721 triumphi
1350 656 1732 721 praerogativam

146 752 287 807 putas
324 742 729 805 supplicationem
765 749 813 789 et
861 741 1040 789 idcirco
1077 755 1246 789 casum
1282 740 1443 803 potius
1492 753 1641 801 quam
1686 746 1732 785 te

146 825 328 874 laudari
382 824 551 882 maviS,
600 839 760 886 neque
817 822 1223 886 supplicationem
1280 822 1495 886 sequitur
1543 835 1734 883 semper

147 907 417 971 triumphus
444 916 492 956 et
515 906 760 969 triumpho
793 906 946 955 multo
972 907 1144 954 clarius
1169 913 1240 954 est
1275 913 1498 953 senatum
1523 904 1734 952 iudicare

147 992 308 1054 potius
332 989 703 1039 mansuetudine
729 997 775 1037 et
799 989 1079 1037 innocentia
1108 988 1412 1051 imperatoris
1437 986 1734 1049 provinciam

148 1087 296 1136 quam
319 1072 364 1119 vi
397 1071 604 1120 militum
635 1078 717 1119 aut
748 1069 1047 1133 benignitate
1082 1071 1286 1118 deorum
1320 1076 1557 1118 retentam
1591 1076 1735 1129 atque

149 1162 485 1203 conservatam
524 1169 631 1202 esse
651 1168 664 1213 3
714 1153 848 1215 quod
890 1167 984 1215 ego
1023 1167 1134 1200 mea
1173 1151 1411 1200 sententia
1453 1151 1731 1199 censebam.

150 1252 195 1298 3.
230 1237 393 1299 Atque
429 1236 550 1284 haec
587 1250 682 1298 ego
717 1235 897 1283 idcirco
935 1234 998 1282 ad
1034 1242 1081 1281 te
1118 1241 1289 1282 contra
1324 1232 1735 1281 consuetudinem

148 1333 310 1366 meam
346 1318 561 1380 pluribus
598 1317 781 1379 scripsi,
816 1324 882 1375 ut,
921 1315 1054 1379 quod
1090 1316 1301 1363 maxime
1339 1315 1465 1372 volo,
1491 1314 1736 1362 existimes

148 1416 226 1449 me
265 1400 497 1457 laborare,
533 1407 587 1447 ut
621 1399 706 1446 tibi
743 1398 1063 1461 persuadeam
1104 1413 1184 1446 me
1230 1405 1278 1445 et
1312 1397 1520 1445 voluisse
1558 1396 1617 1444 de
1654 1404 1736 1444 tua

149 1483 408 1539 maiestate,
435 1480 570 1543 quod
606 1480 959 1542 amplissimum
993 1480 1084 1527 sim
1120 1480 1388 1536 arbitratus,
1416 1487 1476 1537 et,
1512 1478 1647 1542 quod
1682 1487 1733 1526 tu

149 1563 370 1622 maluisti,
419 1563 601 1611 factum
643 1578 749 1610 esse
798 1562 1024 1624 gaudere.
1097 1560 1222 1609 Vale
1264 1570 1313 1609 et
1354 1576 1446 1609 nos
1496 1561 1640 1624 dilige
1689 1568 1735 1608 et

151 1648 363 1696 instituto
405 1647 571 1694 itinere
615 1647 917 1694 severitatem
959 1645 1356 1708 diligentiamque
1395 1644 1539 1693 sociis
1577 1653 1625 1693 et
1667 1645 1734 1692 rei

151 1730 371 1794 publicae
398 1736 601 1792 praesta.

469 1864 550 1907 40.
621 1859 715 1906 AD
752 1857 1177 1906 FAMILIARES
1215 1857 1327 1905 XV.
1368 1859 1413 1906 6.

288 1956 397 2006 SCR.
433 1971 484 2004 IN
520 1954 710 2004 CILICIA
746 1971 903 2004 MENSE
941 1954 1179 2014 Qumnm
1217 1952 1274 2018 (Ρ)
1313 1970 1451 2004 A.U.c.
1494 1965 1607 2015 704.

581 2060 619 2093 M
653 2060 825 2094 CICERO
861 2060 897 2093 s.
934 2060 979 2092 D.
1017 2060 1069 2093 M.
1106 2058 1298 2094 cA'rom.

226 2157 266 2191 1.
303 2141 529 2189 ‘LAETUS
577 2155 685 2188 sum
733 2140 914 2188 laudari
961 2155 1041 2188 me
1060 2137 1073 2159 '
1121 2139 1277 2201 inquit
1319 2138 1521 2197 Hector,
1561 2138 1737 2202 opinor

153 2224 283 2286 apud
325 2222 576 2282 Naevium,
615 2223 731 2271 ‘abs
770 2231 830 2281 te,
870 2230 1019 2285 pater,
1057 2237 1087 2270 a
1127 2222 1322 2270 laudato
1359 2219 1515 2280 vir03’
1570 2237 1629 2269 ea
1665 2228 1738 2269 est

153 2306 284 2353 enim
311 2304 531 2367 profecto
564 2304 773 2352 iucunda
805 2305 922 2363 laus,
949 2319 1073 2367 quae
1099 2305 1160 2351 ab
1198 2303 1254 2352 iis
1291 2303 1625 2365 proficiscitur,
1653 2302 1735 2365 qui

153 2388 245 2450 ipsi
268 2387 318 2434 in
341 2386 482 2434 laude
507 2387 739 2435 vixerunt.
810 2387 920 2448 Ego
955 2401 1070 2434 vero
1107 2385 1180 2434 vel
1213 2386 1532 2447 gratulatione
1559 2385 1737 2432 littera·

154 2484 262 2516 rum
299 2476 487 2515 tuarum
534 2468 607 2515 vel
655 2469 942 2517 testimoniis
987 2468 1252 2516 sententiae
1296 2468 1452 2515 dictae
1500 2466 1618 2514 nihil
1664 2474 1738 2514 est

154 2538 287 2614 quod
311 2565 389 2596 me
415 2564 515 2596 non
540 2549 823 2597 adsecutum
848 2558 1015 2614 putem
1037 2566 1052 2610 3
1089 2550 1234 2611 idque
1260 2549 1378 2596 mihi
1402 2564 1515 2597 cum
1541 2548 1736 2611 amplis-

155 2634 343 2689 simum,
371 2638 474 2678 tum
498 2632 825 2693 gratissimum
852 2639 939 2690 est,
965 2639 1011 2679 te
1037 2631 1237 2678 libenter
1267 2630 1503 2679 amicitiae
1530 2629 1734 2688 dedisse,

155 2714 288 2776 quod
329 2712 510 2774 liquido
556 2713 740 2761 veritati
783 2713 937 2761 dares.
1010 2713 1087 2769 Et,
1131 2712 1168 2761 si
1210 2727 1312 2760 non
1358 2711 1510 2760 modo
1548 2727 1733 2770 omnes,

155 2795 499 2865 verumetiam
535 2794 670 2850 multi
708 2793 922 2843 Catones
960 2802 1123 2842 essent
1159 2794 1209 2840 in
1247 2794 1432 2842 civitate
1470 2802 1648 2852 nostra,
1686 2794 1732 2840 in

899 2890 916 2923 1
955 2890 979 2922 2
