2040 3048
121 124 192 175 Ep.
223 111 314 182 30]
459 119 647 165 EPIST.
687 120 768 160 AD
809 119 1176 160 FAMILIARES
1213 121 1273 159 H.
1317 109 1364 159 6.
1630 109 1697 176 89

125 246 266 293 dicari
299 260 444 309 quam
482 260 510 292 a
544 259 622 291 me
659 243 914 307 ponderari
952 244 1121 302 solent,
1158 243 1473 292 verecundius
1510 259 1538 291 a
1572 252 1633 302 te,
1662 246 1698 291 si

123 343 246 390 quae
271 343 450 390 magna
478 341 554 374 res
579 325 695 374 mihi
731 326 941 388 petenda
974 335 1112 384 esset,
1142 325 1518 384 contenderem;
1556 341 1699 388 grave

122 418 193 457 est
226 411 355 457 enim
389 409 572 456 homini
605 408 805 471 pudenti
838 415 1001 470 petere
1035 407 1215 471 aliquid
1252 422 1485 469 magnum
1524 409 1585 455 ab
1622 423 1698 464 eo,

123 491 181 538 de
207 506 305 553 quo
333 506 384 539 se
410 492 533 538 bene
559 490 781 538 meritum
808 497 954 552 putet,
982 505 1042 537 ne
1077 491 1140 548 id,
1167 491 1299 552 quod
1332 498 1477 552 petat,
1504 490 1699 552 exigere

122 575 277 636 magis
303 589 449 637 quam
475 589 645 636 rogare
671 580 718 621 et
751 574 800 620 in
834 573 1069 620 mercedis
1104 573 1264 635 potius
1298 587 1443 634 quam
1478 572 1699 620 beneficii

121 656 229 704 loco
255 671 506 704 numerare
530 655 758 703 videatur.
834 671 875 703 2.
917 654 1011 702 Sed
1037 655 1151 717 quia
1174 662 1257 702 tua
1285 656 1334 701 in
1366 671 1445 703 me
1479 655 1551 703 vel
1585 663 1701 702 nota

121 738 346 786 omnibus
366 738 439 786 vel
465 738 569 800 ipsa
587 738 796 784 novitate
821 751 1043 785 meorum
1068 745 1344 799 temporum
1370 737 1630 785 clarissima
1654 745 1701 784 et

121 819 331 866 maxima
367 819 602 866 beneficia
638 818 932 876 exstiterunt,
972 825 1141 881 estque
1184 819 1331 866 animi
1373 819 1586 880 ingenui,
1625 819 1700 866 cui

121 901 324 948 multum
351 900 543 958 debeas,
571 899 728 948 eidem
754 900 1014 962 plurimum
1039 900 1157 948 velle
1191 900 1381 958 debere,
1409 916 1511 948 non
1545 901 1699 949 dubit-

121 983 195 1030 avi
227 982 275 1030 id
307 998 335 1030 a
370 991 415 1031 te
451 998 538 1045 per
573 982 752 1030 litteras
789 989 966 1044 petere,
993 982 1126 1044 quod
1163 982 1280 1029 mihi
1318 983 1538 1030 omnium
1575 992 1702 1031 esset

123 1067 390 1113 maximum
438 1065 746 1127 maximeque
794 1065 1120 1113 necessarium
1141 1082 1154 1123 3
1210 1080 1368 1128 neque
1416 1066 1545 1113 enim
1594 1081 1701 1113 sum

123 1148 297 1195 veritus
366 1162 427 1193 ne
501 1147 735 1194 sustinere
809 1154 891 1193 tua
960 1146 1011 1192 in
1070 1161 1148 1193 me
1205 1146 1279 1194 vel
1335 1147 1703 1195 innumerabilia

124 1245 224 1278 non
273 1244 485 1292 possem,
535 1244 645 1277 cum
693 1228 974 1291 praesertim
1023 1228 1319 1277 confiderem
1368 1229 1549 1277 nullam
1597 1246 1702 1279 esse

125 1313 326 1375 gratiam
363 1319 560 1369 tantam,
597 1325 745 1372 quam
781 1325 882 1358 non
917 1310 990 1357 vel
1033 1325 1206 1373 capere
1249 1312 1438 1359 animus
1479 1327 1616 1360 meus
1653 1314 1703 1360 in

125 1392 405 1456 accipiendo
434 1391 508 1439 vel
540 1393 586 1438 in
624 1390 979 1438 remunerando
1017 1392 1260 1439 cumulare
1297 1400 1440 1454 atque
1475 1394 1703 1443 illustrare

126 1483 301 1539 posset.
387 1489 431 1535 3.
485 1472 596 1536 Ego
644 1474 808 1522 omnia
853 1487 964 1521 mea
1011 1473 1182 1532 studia,
1232 1490 1433 1523 omnem
1490 1490 1702 1538 operam,

127 1572 305 1615 curam,
331 1555 628 1615 industriam,
649 1556 1011 1618 cogitationem,
1032 1565 1246 1605 mentem
1272 1557 1480 1620 denique
1506 1574 1704 1607 omnem

127 1641 177 1688 in
202 1639 400 1687 Milonis
425 1638 678 1687 consulatu
704 1638 786 1685 fixi
811 1646 858 1686 et
882 1638 1048 1696 locavi,
1077 1639 1316 1702 statuique
1340 1640 1389 1687 in
1415 1655 1474 1687 eo
1501 1656 1579 1689 me
1604 1657 1704 1689 non

127 1722 270 1772 officii
306 1721 465 1770 solum
500 1721 706 1769 fructum
750 1721 837 1769 sed
878 1721 1022 1768 etiam
1064 1721 1253 1784 pietatis
1293 1721 1488 1770 laudem
1531 1722 1707 1772 debere

128 1819 356 1868 quaerere
378 1821 392 1864 3
430 1818 589 1865 neque
619 1818 732 1851 vero
766 1803 992 1865 cuiquam
1027 1803 1229 1851 salutem
1263 1819 1320 1852 ac
1354 1803 1571 1853 fortunas
1598 1820 1708 1854 suas

130 1897 288 1937 tantae
322 1901 464 1934 curae
489 1886 635 1934 fuisse
662 1901 892 1949 umquam
917 1894 1049 1948 put0,
1077 1894 1286 1949 quantae
1310 1887 1427 1934 mihi
1451 1896 1524 1936 est
1550 1889 1707 1937 honos

129 1969 244 2026 eius,
284 1969 334 2016 in
376 1981 474 2030 quo
512 1967 678 2015 omnia
715 1981 825 2014 mea
862 1967 1022 2029 posita
1063 1982 1169 2015 esse
1208 1968 1409 2017 decrevi.
1482 1969 1613 2018 Huic
1662 1979 1708 2019 te

127 2066 279 2101 unum
315 2058 450 2098 tanto
486 2050 766 2098 adiumento
800 2064 922 2109 esse,
958 2050 997 2097 si
1033 2050 1255 2109 volueriS,
1281 2066 1426 2114 posse
1464 2052 1705 2115 intellego,

129 2141 182 2181 ut
205 2132 320 2180 nihil
346 2133 406 2180 sit
429 2139 676 2194 praeterea
700 2132 842 2180 nobis
867 2133 1225 2195 requirendum.
1298 2133 1555 2183 Habemus
1587 2135 1707 2183 haec

130 2216 312 2264 omnia:
338 2215 579 2262 bonorum
606 2214 816 2262 studium
844 2215 1153 2263 conciliatum
1173 2231 1233 2264 ex
1252 2217 1492 2265 tribunatu
1512 2226 1710 2281 propter

129 2306 359 2355 nostram,
385 2303 439 2343 ut
463 2310 606 2359 spero
630 2303 676 2343 te
702 2296 991 2359 intellegere,
1019 2312 1214 2346 causam
1228 2313 1241 2356 3
1268 2298 1396 2360 volgi
1420 2314 1477 2347 ac
1500 2299 1709 2348 multitu-

131 2381 257 2429 dinis
299 2387 494 2442 propter
535 2379 946 2442 magnificentiam
987 2395 1245 2428 munerum
1285 2381 1708 2446 liberalitatemque

132 2471 348 2520 naturae;
373 2462 626 2510 iuventutis
647 2470 694 2510 et
712 2462 1036 2524 gratiosorum
1056 2462 1105 2510 in
1126 2462 1363 2525 suffragiis
1387 2463 1544 2511 studia
1562 2479 1707 2527 prop-

131 2554 200 2594 ter
224 2544 373 2607 ipsius
398 2543 711 2593 excellentem
735 2545 786 2592 in
811 2559 870 2592 eo
895 2559 1074 2607 genere
1091 2544 1166 2592 vel
1191 2545 1395 2607 gratiam
1413 2545 1487 2593 vel
1508 2546 1708 2609 diligen-

131 2630 246 2677 tiam
254 2643 267 2686 ;
305 2635 519 2675 nostram
553 2627 961 2690 suffragationem,
988 2628 1027 2676 si
1052 2627 1211 2675 minus
1236 2635 1500 2689 potentem,
1527 2637 1576 2676 at
1600 2645 1709 2692 pro-

133 2712 293 2758 batam
330 2715 492 2756 tamen
527 2716 574 2755 et
606 2709 780 2756 iustam
810 2718 857 2756 et
892 2709 1103 2757 debitam
1140 2718 1187 2757 et
1219 2717 1477 2772 propterea
1509 2709 1711 2758 fortasse

134 2790 274 2838 etiam
299 2790 573 2852 gratiosam.
646 2807 691 2850 4.
732 2791 846 2838 Dux
873 2791 1015 2838 nobis
1041 2800 1087 2839 et
1114 2800 1282 2840 auctor
1309 2806 1435 2854 opus
1462 2800 1534 2840 est
1559 2799 1606 2840 et
1630 2806 1710 2839 eo-
