2040 3048
321 65 393 135 56
794 78 855 120 M.
892 76 1088 118 TULLII
1120 78 1286 118 cmm
1294 79 1428 119 oms
1703 71 1817 138 [Pars
1837 81 1891 121 11.

321 206 593 269 perturbati.
664 206 914 256 Praeterea
947 217 1056 256 sunt
1081 209 1319 271 quaedam
1354 209 1636 270 domestica,
1662 224 1785 273 quae
1818 210 1890 258 lit-

322 290 433 336 teris
466 302 566 336 non
599 290 861 338 committo.
949 289 1012 349 Q.
1056 290 1249 338 fratrem
1285 292 1459 354 insigni
1491 292 1682 354 pietate,
1708 293 1891 349 virtute,

322 369 416 418 fide
440 370 708 432 praeditum
734 371 802 419 sic
827 386 952 430 amo,
975 380 1026 419 ut
1052 373 1222 420 debeo.
1294 371 1370 420 Te
1396 380 1624 434 exspecto
1650 380 1697 420 et
1720 387 1806 420 oro
1839 382 1891 421 ut

323 458 531 499 matures
566 452 727 500 venire
762 466 919 517 eoque
956 455 1120 502 anirno
1157 454 1335 511 venias,
1370 462 1422 501 ut
1458 469 1535 502 me
1571 462 1655 501 tuo
1692 455 1894 503 consilio

323 548 464 595 egere
484 549 584 581 non
605 534 749 582 sinas.
820 535 1028 583 Alterius
1047 537 1169 584 vitae
1189 536 1438 600 quoddam
1457 536 1643 583 initium
1667 535 1895 584 ordimur.

324 612 428 660 Iam
449 614 662 677 quidam,
679 616 761 677 qui
787 631 878 664 nos
902 618 1126 665 absentes
1153 617 1486 676 defenderunt,
1505 618 1742 680 incipiunt
1760 631 1896 679 prae-

326 695 541 744 sentibus
583 697 771 745 occulte
814 698 967 757 irasci,
1008 707 1169 760 aperte
1217 699 1453 747 invidere:
1503 699 1810 747 vehementer
1850 708 1897 746 te

324 778 624 841 requirimus⁴

682 918 758 962 21.
830 915 925 963 AD
962 913 1385 962 FAMILIARES
1422 915 1459 963 Ι.
1504 931 1544 964 1.

530 1008 637 1057 SCR.
676 1009 856 1058 ROMAE
893 1010 1056 1058 Imaus
1094 1011 1346 1058 IANUARns
1382 1026 1522 1060 ΛΑΜ).
1563 1013 1676 1072 698.

643 1114 691 1145 M.
730 1113 898 1147 c1CERo
933 1114 1091 1147 s.1).1³.
1132 1114 1358 1148 LENTULO
1395 1114 1582 1149 PRocos.

403 1210 442 1243 1.
479 1194 588 1243 EGo
631 1195 766 1242 ornni
802 1195 962 1243 officio
998 1211 1054 1243 ac
1090 1196 1250 1258 potius
1286 1197 1461 1259 pietate
1497 1211 1612 1258 erga
1646 1205 1695 1245 te
1732 1197 1900 1245 ceteris

327 1277 440 1324 satis
467 1276 591 1324 facio
616 1278 855 1335 omnibus,
876 1277 993 1324 mihi
1018 1278 1121 1340 ipse
1144 1293 1412 1340 numquam
1437 1279 1551 1326 satis
1576 1278 1701 1326 facio
1718 1295 1731 1338 ;
1767 1286 1900 1326 tanta

327 1359 457 1405 enim
493 1358 778 1420 magnitudo
812 1367 884 1406 est
916 1367 1108 1407 tuorum
1141 1374 1255 1421 erga
1278 1375 1357 1408 me
1376 1361 1671 1417 meritorum,
1696 1369 1760 1418 ut,
1788 1362 1901 1424 quia

328 1447 378 1486 tu
416 1439 507 1486 nisi
544 1438 753 1501 perfecta
787 1455 837 1488 re
871 1440 931 1488 de
964 1456 1042 1488 me
1079 1456 1180 1489 non
1210 1443 1493 1504 conquiesti,
1519 1457 1627 1505 ego,
1654 1443 1766 1506 quia
1798 1458 1899 1490 non

328 1521 457 1568 idern
482 1521 530 1567 in
554 1528 636 1569 tua
660 1537 806 1569 causa
829 1521 998 1579 efficio,
1024 1523 1168 1569 vitam
1199 1522 1316 1570 mihi
1341 1538 1446 1570 esse
1472 1523 1697 1570 acerbam
1720 1531 1900 1586 putem.

329 1602 387 1650 In
414 1617 558 1650 causa
599 1602 718 1650 haec
761 1610 902 1652 sunt:
948 1602 1293 1663 Hammonius,
1333 1605 1461 1667 regis
1502 1604 1701 1666 legatus,
1741 1613 1901 1668 aperte

329 1684 534 1746 pecunia
557 1699 648 1733 nos
673 1693 956 1748 oppugnat3
995 1701 1071 1734 res
1104 1687 1260 1749 agitur
1285 1702 1371 1749 per
1395 1687 1595 1734 eosdem
1628 1687 1900 1746 creditores,

330 1783 415 1829 per
447 1782 584 1830 quos,
622 1783 733 1814 cum
764 1776 814 1815 tu
847 1768 1030 1826 aderas,
1063 1769 1308 1830 agebatur.
1380 1768 1531 1832 Regis
1567 1784 1712 1817 causa
1746 1769 1786 1816 si
1821 1769 1903 1831 qui

332 1857 442 1898 sunt
466 1850 549 1912 qui
573 1850 731 1908 velint,
757 1850 839 1912 qui
865 1850 1006 1912 pauci
1032 1857 1156 1907 sunt,
1182 1864 1355 1897 omnes
1388 1865 1490 1898 rem
1523 1850 1585 1898 ad
1615 1850 1902 1913 Pompeium

331 1931 501 1979 deferri
519 1931 713 1991 volunt;
740 1939 934 1980 senatus
951 1931 1194 1993 religionis
1215 1932 1507 1980 calumniam
1531 1946 1634 1979 non
1659 1933 1901 1995 religione,

331 2013 418 2062 sed
454 2011 786 2060 malevolentia
822 2020 870 2061 et
906 2012 1028 2060 illius
1065 2013 1224 2074 regiae
1259 2013 1525 2075 largitionis
1561 2013 1740 2061 invidia
1769 2028 1902 2061 com-

331 2097 518 2159 probat.
593 2111 638 2143 2.
677 2094 965 2156 Pompeium
1002 2102 1049 2141 et
1082 2095 1257 2142 hortari
1283 2102 1329 2142 et
1354 2109 1505 2153 orare,
1536 2092 1681 2142 etiam
1712 2095 1903 2143 liberius

332 2192 556 2226 accusare
604 2184 651 2225 et
697 2191 909 2234 monere,
958 2184 1286 2237 utmagnam
1322 2175 1569 2224 infamiam
1606 2176 1766 2238 fugiat,
1803 2192 1904 2224 non

332 2260 608 2310 desistimus
625 2275 638 2319 ;
677 2258 763 2307 sed
795 2257 936 2321 plane
971 2273 1061 2305 nec
1094 2257 1316 2319 precibus
1350 2258 1526 2306 nostris
1561 2273 1651 2307 nec
1687 2259 1905 2323 admoni-

332 2342 542 2390 tionibus
566 2341 788 2405 relinquit
807 2341 995 2389 locum:
1021 2355 1137 2388 nam
1157 2355 1268 2388 cum
1287 2341 1336 2387 in
1357 2355 1582 2388 sermone
1607 2341 1903 2403 quotidiano,

333 2433 435 2472 tum
476 2425 525 2472 in
568 2433 737 2472 senatu
779 2424 937 2486 palam
982 2423 1049 2471 sic
1087 2423 1185 2485 egit
1226 2437 1422 2470 causam
1463 2431 1610 2481 tuam,
1653 2432 1706 2472 ut
1748 2439 1906 2486 neque

334 2506 610 2570 eloquentia
658 2507 838 2554 maiore
894 2506 1149 2568 quisquam
1197 2520 1287 2553 nec
1335 2506 1565 2567 gravitate
1613 2521 1703 2553 nec
1747 2502 1906 2553 studio

332 2603 424 2636 nec
457 2589 767 2636 contentione
800 2603 943 2650 agere
975 2588 1198 2650 potuerit,
1224 2601 1337 2635 cum
1363 2602 1552 2634 summa
1575 2587 1905 2636 testificatione

332 2678 523 2718 tuorum
555 2670 605 2717 in
636 2685 688 2717 se
720 2670 989 2718 officiorum
1020 2679 1069 2717 et
1105 2668 1282 2717 amoris
1317 2684 1431 2730 erga
1462 2677 1508 2716 te
1542 2663 1624 2716 sui.
1701 2668 1905 2717 Marcel-

333 2749 480 2796 linum
517 2748 600 2796 tibi
637 2763 743 2796 esse
776 2749 946 2796 iratum
984 2748 1101 2796 scis:
1140 2747 1178 2795 is
1226 2747 1315 2794 hac
1352 2747 1484 2808 regia
1520 2761 1666 2795 causa
1703 2756 1905 2810 excepta
