2040 3048
303 101 403 171 136
765 114 821 154 M.
868 113 1065 153 TULLII
1101 115 1270 155 olom
1278 116 1414 155 oms
1652 104 1764 179 [Pars
1791 121 1865 158 111.

295 241 501 290 ferendis
525 251 705 302 auctor,
731 243 807 291 ille
834 242 1019 292 Galliae
1043 243 1277 293 ulterioris
1303 245 1566 303 adiunctor,
1593 245 1668 293 ille
1700 263 1863 309 gener,

294 322 368 369 ille
407 323 457 369 in
499 324 780 385 adoptando
822 324 874 372 P.
914 323 1092 372 Clodio
1131 339 1296 386 augur,
1333 325 1409 373 ille
1451 327 1728 375 restituendi
1767 330 1862 376 mei

293 418 440 465 quam
463 403 696 453 retinendi
734 405 1008 463 studiosior,
1033 405 1109 452 ille
1142 406 1417 468 provinciae
1455 417 1761 470 propagator,
1788 410 1862 457 ille

293 484 502 533 absentis
526 486 575 532 in
601 487 827 535 omnibus
862 487 1063 544 adiutor,
1091 486 1219 534 idem
1251 487 1395 534 etiam
1427 489 1566 536 tertio
1598 490 1864 548 consulam,

292 573 551 628 postquam
576 582 682 616 esse
713 567 938 616 defensor
970 567 1036 615 rei
1069 567 1290 630 publicae
1324 569 1497 631 coepit,
1525 570 1787 629 contendit,
1813 580 1865 619 ut

293 646 463 694 decem
487 648 663 696 tribuni
688 648 750 710 pl.
777 649 964 706 ferrent,
992 655 1044 696 ut
1068 649 1279 697 absentis
1303 652 1422 697 ratio
1446 650 1712 710 haberetur,
1733 653 1864 715 quod

292 727 431 775 idem‘
454 729 558 791 ipse
595 730 753 777 sanxit
788 730 896 792 lege
939 730 1150 792 quadam
1187 745 1286 788 sua,
1325 730 1592 795 Marcoque
1632 733 1864 782 Marcello

292 810 478 858 consuli
509 810 692 858 finienti
726 811 998 874 provincias
1023 811 1204 860 Gallias
1229 812 1560 861 Kalendarum
1585 814 1865 863 Martiarum

292 890 368 938 die
414 892 613 939 restitit:
663 892 762 951 sed,
802 900 856 940 ut
902 893 1023 940 haec
1069 893 1306 953 omittam,
1345 895 1462 957 quid
1509 895 1709 954 foediuS‚
1750 896 1865 958 quid

291 973 610 1035 perturbatius
646 973 741 1021 hoc
778 974 839 1021 ab
873 975 992 1021 urbe
1030 974 1246 1023 discessu
1278 977 1376 1025 sive
1407 978 1566 1039 potius
1594 979 1866 1040 turpissima

290 1053 437 1115 fuga?
484 1068 608 1116 quae
656 1054 881 1102 condicio
923 1068 1026 1101 non
1070 1056 1353 1118 accipienda
1393 1058 1480 1105 fuit
1520 1059 1680 1121 potius
1719 1074 1865 1122 quarn

290 1135 605 1197 relinquenda
639 1135 823 1198 patria?
859 1136 1013 1183 malae
1046 1137 1360 1186 condiciones
1391 1147 1552 1198 erant;
1589 1139 1755 1198 fateor,
1779 1141 1864 1189 sed

289 1231 407 1264 num
432 1217 549 1279 quid
573 1217 666 1264 hoc
691 1216 863 1279 peius?
936 1233 977 1277 4.
1010 1218 1097 1265 ‘At
1125 1220 1427 1281 recuperabit
1459 1236 1560 1269 rem
1592 1220 1866 1284 publicam?

291 1296 536 1356 Quando?
573 1306 654 1345 aut
686 1298 802 1360 quid
835 1298 898 1346 ad
929 1314 1037 1346 eam
1070 1313 1209 1361 spem
1243 1309 1315 1348 est
1346 1302 1530 1363 parati?
1601 1303 1718 1350 Non
1751 1319 1865 1366 ager

292 1377 497 1428 Picenus
531 1380 771 1428 amissus?
841 1378 957 1428 Non
989 1381 1281 1443 patefactum
1316 1384 1403 1431 iter
1434 1384 1496 1432 ad
1526 1385 1727 1433 urbem?
1762 1401 1860 1434 non

294 1461 499 1524 pecunia
533 1462 693 1509 omnis
729 1468 775 1508 et
810 1461 1002 1522 publica
1043 1469 1090 1509 et
1128 1463 1311 1524 privata
1351 1464 1620 1513 adversario
1662 1467 1863 1515 tradita?

294 1542 516 1606 Denique
551 1542 682 1590 nulla
717 1557 875 1600 causa,
908 1542 1065 1590 nullae
1102 1544 1237 1602 vires,
1271 1545 1401 1593 nulla
1438 1546 1590 1605 sedes,
1616 1562 1714 1610 quo
1747 1563 1863 1597 con-

292 1632 482 1673 currant
501 1624 582 1688 qui
606 1639 708 1671 rem
732 1624 978 1686 publicam
1004 1624 1252 1673 defensam
1277 1627 1421 1675 velint
1443 1644 1453 1674 z
1479 1628 1656 1690 Apulia
1680 1629 1864 1679 delecta

289 1714 376 1764 est,
409 1705 689 1753 inanissima
725 1720 837 1767 pars
871 1705 1035 1753 Italiae
1072 1714 1119 1753 et
1155 1707 1216 1755 ab
1252 1708 1434 1771 impetu
1469 1709 1609 1758 huius
1645 1710 1754 1758 belli
1789 1727 1861 1759 re-

288 1787 583 1846 motissima3
636 1786 753 1849 fuga
799 1794 848 1834 et
893 1786 1133 1836 maritima
1173 1790 1511 1852 opportunitas
1557 1791 1658 1839 visa
1699 1793 1861 1854 quaeri

289 1869 635 1931 desperatione.
708 1870 738 1924 †
757 1867 816 1914 In
841 1875 887 1916 te
911 1869 1017 1931 cepi
1044 1868 1279 1932 Capuam,
1300 1886 1402 1918 non
1426 1886 1525 1934 quo
1549 1887 1727 1921 munus
1746 1873 1857 1921 illud

288 1949 582 2012 defugerem,
607 1949 695 1997 sed
720 1948 768 1996 in
793 1964 851 1996 ea
874 1964 1034 2007 causa,
1059 1950 1110 1996 in
1146 1965 1242 2013 qua
1278 1953 1436 2001 nullus
1461 1962 1588 2002 esset
1619 1954 1861 2015 ordinum,

287 2028 444 2079 nullus
489 2038 682 2093 apertus
722 2030 1014 2092 privatorum
1056 2031 1208 2089 dolor,
1251 2034 1492 2081 bonorum
1537 2043 1697 2082 autem
1736 2043 1861 2084 esset

287 2112 469 2174 aliquis,
491 2111 578 2171 sed
602 2111 764 2168 hebes,
784 2119 837 2159 ut
861 2111 999 2170 solet,
1024 2121 1084 2170 et,
1109 2121 1160 2160 ut
1183 2114 1286 2175 ipse
1312 2115 1585 2171 sensissem,
1605 2116 1859 2164 multitudo

286 2199 333 2238 et
370 2191 565 2239 infimus
606 2191 807 2255 quisque
847 2207 1117 2255 propensus
1154 2194 1205 2240 in
1247 2194 1444 2242 alteram
1482 2204 1682 2257 partem,
1719 2197 1855 2243 multi

286 2272 563 2320 mutationis
597 2287 756 2320 rerum
790 2273 966 2336 cupidi,
1002 2274 1102 2321 dixi
1138 2275 1241 2337 ipsi.
1265 2290 1343 2322 me
1377 2275 1491 2334 nihil
1525 2284 1858 2338 suscepturum

286 2354 389 2402 sine
435 2354 676 2417 praesidio
724 2361 772 2402 et
821 2355 924 2402 sine
976 2356 1208 2417 pecunia;
1262 2367 1306 2416 5.
1343 2358 1504 2419 itaque
1552 2357 1696 2405 habui
1745 2358 1858 2420 nihil

275 2436 487 2484 -ornnino
521 2436 719 2498 negotii,
743 2436 883 2499 >quod
920 2437 981 2484 ab
1016 2437 1281 2502 initi04vidi
1317 2438 1431 2486 nihil
1469 2439 1633 2500 quaeri
1673 2448 1860 2501 praeter

280 2515 479 2578 fugam:
499 2529 610 2565 ‘earn
635 2517 678 2565 si
699 2533 830 2566 nunc
853 2533 1043 2580 sequor,
1066 2520 1314 2580 quonam?
1338 2536 1341 2538 ·
1383 2519 1510 2568 Cum
1535 2520 1614 2567 illo
1638 2535 1769 2580 non;
1796 2522 1858 2570 ad

286 2608 443 2659 quem:
480 2611 598 2646 cum*
638 2612 799 2647 essem
839 2598 1100 2662 profectuS,
1139 2601 1348 2662 cognovi
1390 2601 1440 2647 in
1483 2601 1539 2649 iis
1585 2600 1705 2649 locis
1751 2617 1857 2650 esse

288 2675 639 2737 Caesarem,'ut
671 2687 775 2728 tuto
810 2679 1064 2728 Luceriam
1094 2681 1254 2728 venire
1286 2695 1387 2729 non
1411 2696 1622 2744 possem.
1694 2682 1856 2731 Infero

287 2759 405 2807 mari
430 2760 585 2819 nobis,
611 2761 794 2808 incerto
819 2776 974 2819 cursu,
1000 2760 1158 2809 hieme
1183 2763 1394 2809 maxima
1418 2762 1745 2824 navigandum
1769 2772 1854 2811 est.
