<?xml version="1.0" encoding="UTF-8"?>
<!DOCTYPE html PUBLIC "-//W3C//DTD XHTML 1.0 Transitional//EN"
    "http://www.w3.org/TR/xhtml1/DTD/xhtml1-transitional.dtd">
<html xmlns="http://www.w3.org/1999/xhtml" xml:lang="en" lang="en">
 <head>
  <title>
</title>
<meta http-equiv="Content-Type" content="text/html;charset=utf-8" />
  <meta name='ocr-system' content='tesseract 3.04.00' />
  <meta name='ocr-capabilities' content='ocr_page ocr_carea ocr_par ocr_line ocrx_word'/>
</head>
<body>
  <div class='ocr_page' id='page_1' title='image "./epistolaeselecta00ciceuoft_0114.png"; bbox 0 0 2040 3048; ppageno 0'>
   <div class='ocr_carea' id='block_1_1' title="bbox 314 97 1888 168">
    <p class='ocr_par' dir='ltr' id='par_1_1' title="bbox 314 97 1888 168">
     <span class='ocr_line' id='line_1_1' title="bbox 314 97 1888 168; baseline 0 -18"><span class='ocrx_word' id='word_1_1' title='bbox 314 99 385 168; x_wconf 88' lang='lat'><strong>98</strong></span> <span class='ocrx_word' id='word_1_2' title='bbox 781 111 845 155; x_wconf 88' lang='lat' dir='ltr'><strong>M.</strong></span> <span class='ocrx_word' id='word_1_3' title='bbox 889 112 1087 151; x_wconf 82' lang='lat' dir='ltr'><em>TULLII</em></span> <span class='ocrx_word' id='word_1_4' title='bbox 1123 110 1436 151; x_wconf 76' lang='lat' dir='ltr'><em>CICERONIS</em></span> <span class='ocrx_word' id='word_1_5' title='bbox 1698 97 1809 165; x_wconf 71' lang='lat' dir='ltr'><strong>[Pars</strong></span> <span class='ocrx_word' id='word_1_6' title='bbox 1835 109 1888 150; x_wconf 91' lang='lat'><strong>11.</strong></span> 
     </span>
    </p>
   </div>
   <div class='ocr_carea' id='block_1_2' title="bbox 316 236 1899 2834">
    <p class='ocr_par' dir='ltr' id='par_1_2' title="bbox 316 236 1894 856">
     <span class='ocr_line' id='line_1_2' title="bbox 316 236 1890 302; baseline -0.002 -16"><span class='ocrx_word' id='word_1_7' title='bbox 316 237 626 286; x_wconf 87' lang='lat' dir='ltr'><strong>referretur</strong></span> <span class='ocrx_word' id='word_1_8' title='bbox 659 253 689 285; x_wconf 92' lang='lat' dir='ltr'><strong>a</strong></span> <span class='ocrx_word' id='word_1_9' title='bbox 724 237 1078 297; x_wconf 87' lang='lat' dir='ltr'><strong>consulibus,</strong></span> <span class='ocrx_word' id='word_1_10' title='bbox 1104 238 1199 302; x_wconf 92' lang='lat' dir='ltr'><strong>qui</strong></span> <span class='ocrx_word' id='word_1_11' title='bbox 1235 252 1429 285; x_wconf 90' lang='lat' dir='ltr'><strong>eorum</strong></span> <span class='ocrx_word' id='word_1_12' title='bbox 1466 237 1522 284; x_wconf 92' lang='lat' dir='ltr'><strong>in</strong></span> <span class='ocrx_word' id='word_1_13' title='bbox 1557 252 1654 286; x_wconf 92' lang='lat' dir='ltr'><strong>ccc.</strong></span> <span class='ocrx_word' id='word_1_14' title='bbox 1688 236 1890 285; x_wconf 86' lang='lat' dir='ltr'><strong>iudici-</strong></span> 
     </span>
     <span class='ocr_line' id='line_1_3' title="bbox 316 318 1891 381; baseline -0.001 -15"><span class='ocrx_word' id='word_1_15' title='bbox 316 321 421 366; x_wconf 90' lang='lat' dir='ltr'><strong>bus</strong></span> <span class='ocrx_word' id='word_1_16' title='bbox 445 327 651 376; x_wconf 88' lang='lat' dir='ltr'><strong>essent,</strong></span> <span class='ocrx_word' id='word_1_17' title='bbox 678 334 777 367; x_wconf 92' lang='lat' dir='ltr'><strong>eos</strong></span> <span class='ocrx_word' id='word_1_18' title='bbox 806 319 1092 367; x_wconf 88' lang='lat' dir='ltr'><strong>adducere</strong></span> <span class='ocrx_word' id='word_1_19' title='bbox 1124 319 1340 367; x_wconf 89' lang='lat' dir='ltr'><strong>liceret.</strong></span> <span class='ocrx_word' id='word_1_20' title='bbox 1413 319 1468 366; x_wconf 92' lang='lat' dir='ltr'><strong>Si</strong></span> <span class='ocrx_word' id='word_1_21' title='bbox 1494 319 1630 381; x_wconf 93' lang='lat' dir='ltr'><strong>quid</strong></span> <span class='ocrx_word' id='word_1_22' title='bbox 1655 318 1721 366; x_wconf 90' lang='lat' dir='ltr'><strong>de</strong></span> <span class='ocrx_word' id='word_1_23' title='bbox 1745 333 1811 367; x_wconf 89' lang='lat' dir='ltr'><strong>ea</strong></span> <span class='ocrx_word' id='word_1_24' title='bbox 1834 334 1891 366; x_wconf 91' lang='lat' dir='ltr'><strong>re</strong></span> 
     </span>
     <span class='ocr_line' id='line_1_4' title="bbox 316 399 1891 464; baseline -0.001 -16"><span class='ocrx_word' id='word_1_25' title='bbox 316 401 385 448; x_wconf 90' lang='lat' dir='ltr'><strong>ad</strong></span> <span class='ocrx_word' id='word_1_26' title='bbox 408 400 684 463; x_wconf 90' lang='lat' dir='ltr'><strong>populum</strong></span> <span class='ocrx_word' id='word_1_27' title='bbox 709 401 1006 463; x_wconf 89' lang='lat' dir='ltr'><strong>plebemve</strong></span> <span class='ocrx_word' id='word_1_28' title='bbox 1030 401 1146 449; x_wconf 93' lang='lat' dir='ltr'><strong>lato</strong></span> <span class='ocrx_word' id='word_1_29' title='bbox 1171 415 1315 464; x_wconf 91' lang='lat' dir='ltr'><strong>opus</strong></span> <span class='ocrx_word' id='word_1_30' title='bbox 1340 409 1504 459; x_wconf 85' lang='lat' dir='ltr'><strong>esset,</strong></span> <span class='ocrx_word' id='word_1_31' title='bbox 1526 400 1606 447; x_wconf 92' lang='lat' dir='ltr'><strong>uti</strong></span> <span class='ocrx_word' id='word_1_32' title='bbox 1633 399 1746 447; x_wconf 91' lang='lat' dir='ltr'><strong>Ser.</strong></span> <span class='ocrx_word' id='word_1_33' title='bbox 1774 399 1891 447; x_wconf 92' lang='lat' dir='ltr'><strong>Sul-</strong></span> 
     </span>
     <span class='ocr_line' id='line_1_5' title="bbox 317 480 1893 545; baseline 0.001 -17"><span class='ocrx_word' id='word_1_34' title='bbox 317 483 501 545; x_wconf 89' lang='lat' dir='ltr'><strong>picius</strong></span> <span class='ocrx_word' id='word_1_35' title='bbox 548 480 617 529; x_wconf 92' lang='lat' dir='ltr'><strong>M.</strong></span> <span class='ocrx_word' id='word_1_36' title='bbox 657 481 970 530; x_wconf 87' lang='lat' dir='ltr'><strong>Marcellus</strong></span> <span class='ocrx_word' id='word_1_37' title='bbox 1017 498 1176 542; x_wconf 69' lang='lat' dir='ltr'><strong>coss„</strong></span> <span class='ocrx_word' id='word_1_38' title='bbox 1218 490 1513 545; x_wconf 91' lang='lat' dir='ltr'><strong>praetores</strong></span> <span class='ocrx_word' id='word_1_39' title='bbox 1559 482 1893 544; x_wconf 90' lang='lat' dir='ltr'><strong>tribunique</strong></span> 
     </span>
     <span class='ocr_line' id='line_1_6' title="bbox 317 562 1893 627; baseline 0.001 -18"><span class='ocrx_word' id='word_1_40' title='bbox 317 563 403 626; x_wconf 92' lang='lat' dir='ltr'><strong>p1.,</strong></span> <span class='ocrx_word' id='word_1_41' title='bbox 428 562 635 625; x_wconf 84' lang='lat' dir='ltr'><strong>quibus</strong></span> <span class='ocrx_word' id='word_1_42' title='bbox 658 577 853 611; x_wconf 91' lang='lat' dir='ltr'><strong>eorum</strong></span> <span class='ocrx_word' id='word_1_43' title='bbox 877 564 1177 623; x_wconf 87' lang='lat' dir='ltr'><strong>videretur,</strong></span> <span class='ocrx_word' id='word_1_44' title='bbox 1203 564 1272 611; x_wconf 90' lang='lat' dir='ltr'><strong>ad</strong></span> <span class='ocrx_word' id='word_1_45' title='bbox 1295 564 1571 627; x_wconf 91' lang='lat' dir='ltr'><strong>populum</strong></span> <span class='ocrx_word' id='word_1_46' title='bbox 1595 563 1893 626; x_wconf 89' lang='lat' dir='ltr'><strong>plebemve</strong></span> 
     </span>
     <span class='ocr_line' id='line_1_7' title="bbox 317 644 1894 708; baseline 0 -17"><span class='ocrx_word' id='word_1_47' title='bbox 317 644 561 692; x_wconf 87' lang='lat' dir='ltr'><strong>ferrent:</strong></span> <span class='ocrx_word' id='word_1_48' title='bbox 616 644 765 707; x_wconf 92' lang='lat' dir='ltr'><strong>quod</strong></span> <span class='ocrx_word' id='word_1_49' title='bbox 799 647 856 692; x_wconf 87' lang='lat' dir='ltr'><strong>si</strong></span> <span class='ocrx_word' id='word_1_50' title='bbox 883 645 920 692; x_wconf 93' lang='lat' dir='ltr'><strong>ii</strong></span> <span class='ocrx_word' id='word_1_51' title='bbox 957 661 1070 693; x_wconf 92' lang='lat' dir='ltr'><strong>non</strong></span> <span class='ocrx_word' id='word_1_52' title='bbox 1107 647 1391 704; x_wconf 91' lang='lat' dir='ltr'><strong>tulissent,</strong></span> <span class='ocrx_word' id='word_1_53' title='bbox 1424 646 1519 703; x_wconf 90' lang='lat' dir='ltr'><strong>uti,</strong></span> <span class='ocrx_word' id='word_1_54' title='bbox 1553 645 1894 708; x_wconf 90' lang='lat' dir='ltr'><strong>quicumque</strong></span> 
     </span>
     <span class='ocr_line' id='line_1_8' title="bbox 319 726 1893 792; baseline 0.001 -19"><span class='ocrx_word' id='word_1_55' title='bbox 319 726 597 787; x_wconf 90' lang='lat' dir='ltr'><strong>deinceps</strong></span> <span class='ocrx_word' id='word_1_56' title='bbox 643 735 850 785; x_wconf 88' lang='lat' dir='ltr'><strong>essent,</strong></span> <span class='ocrx_word' id='word_1_57' title='bbox 889 727 958 775; x_wconf 89' lang='lat' dir='ltr'><strong>ad</strong></span> <span class='ocrx_word' id='word_1_58' title='bbox 1004 728 1280 792; x_wconf 90' lang='lat' dir='ltr'><strong>populum</strong></span> <span class='ocrx_word' id='word_1_59' title='bbox 1328 727 1624 790; x_wconf 91' lang='lat' dir='ltr'><strong>plebemve</strong></span> <span class='ocrx_word' id='word_1_60' title='bbox 1664 726 1893 775; x_wconf 86' lang='lat' dir='ltr'><strong>ferrent.</strong></span> 
     </span>
     <span class='ocr_line' id='line_1_9' title="bbox 319 808 421 856; baseline 0.01 -1"><span class='ocrx_word' id='word_1_61' title='bbox 319 808 348 856; x_wconf 92' lang='lat' dir='ltr'><strong>i.</strong></span> <span class='ocrx_word' id='word_1_62' title='bbox 373 823 421 856; x_wconf 92' lang='lat' dir='ltr'><strong>n.</strong></span> 
     </span>
    </p>

    <p class='ocr_par' dir='ltr' id='par_1_3' title="bbox 320 887 1898 2338">
     <span class='ocr_line' id='line_1_10' title="bbox 390 887 1894 954; baseline 0.002 -18"><span class='ocrx_word' id='word_1_63' title='bbox 390 890 434 944; x_wconf 78' lang='lat'><strong>6.</strong></span> <span class='ocrx_word' id='word_1_64' title='bbox 471 888 555 937; x_wconf 91' lang='lat' dir='ltr'><strong>Pr.</strong></span> <span class='ocrx_word' id='word_1_65' title='bbox 598 887 722 937; x_wconf 89' lang='lat' dir='ltr'><strong>Kal.</strong></span> <span class='ocrx_word' id='word_1_66' title='bbox 766 889 1052 939; x_wconf 87' lang='lat' dir='ltr'><strong>Octobres</strong></span> <span class='ocrx_word' id='word_1_67' title='bbox 1099 891 1155 937; x_wconf 93' lang='lat' dir='ltr'><strong>in</strong></span> <span class='ocrx_word' id='word_1_68' title='bbox 1202 892 1342 939; x_wconf 86' lang='lat' dir='ltr'><strong>aede</strong></span> <span class='ocrx_word' id='word_1_69' title='bbox 1390 891 1681 954; x_wconf 88' lang='lat' dir='ltr'><strong>Apollinis</strong></span> <span class='ocrx_word' id='word_1_70' title='bbox 1728 892 1894 939; x_wconf 91' lang='lat' dir='ltr'><strong>scrib.</strong></span> 
     </span>
     <span class='ocr_line' id='line_1_11' title="bbox 320 969 1894 1028; baseline 0 -10"><span class='ocrx_word' id='word_1_71' title='bbox 320 969 627 1018; x_wconf 90' lang='lat' dir='ltr'><strong>adfuerunt</strong></span> <span class='ocrx_word' id='word_1_72' title='bbox 665 971 721 1018; x_wconf 93' lang='lat' dir='ltr'><strong>L.</strong></span> <span class='ocrx_word' id='word_1_73' title='bbox 757 971 1044 1018; x_wconf 91' lang='lat' dir='ltr'><strong>Domitius</strong></span> <span class='ocrx_word' id='word_1_74' title='bbox 1087 970 1184 1020; x_wconf 92' lang='lat' dir='ltr'><strong>Cn.</strong></span> <span class='ocrx_word' id='word_1_75' title='bbox 1222 972 1252 1020; x_wconf 90' lang='lat' dir='ltr'><strong>f.</strong></span> <span class='ocrx_word' id='word_1_76' title='bbox 1289 972 1418 1021; x_wconf 89' lang='lat' dir='ltr'><strong>Fab.</strong></span> <span class='ocrx_word' id='word_1_77' title='bbox 1460 973 1894 1028; x_wconf 88' lang='lat' dir='ltr'><strong>Ahenobarbus,</strong></span> 
     </span>
     <span class='ocr_line' id='line_1_12' title="bbox 321 1051 1895 1116; baseline 0 -16"><span class='ocrx_word' id='word_1_78' title='bbox 321 1051 382 1110; x_wconf 92' lang='lat' dir='ltr'><strong>Q.</strong></span> <span class='ocrx_word' id='word_1_79' title='bbox 422 1051 707 1102; x_wconf 82' lang='lat' dir='ltr'><strong>Caecilius</strong></span> <span class='ocrx_word' id='word_1_80' title='bbox 742 1052 805 1111; x_wconf 88' lang='lat' dir='ltr'><strong>Q.</strong></span> <span class='ocrx_word' id='word_1_81' title='bbox 841 1052 872 1101; x_wconf 91' lang='lat' dir='ltr'><strong>f.</strong></span> <span class='ocrx_word' id='word_1_82' title='bbox 907 1051 1040 1100; x_wconf 75' lang='lat' dir='ltr'><strong>Fab.</strong></span> <span class='ocrx_word' id='word_1_83' title='bbox 1089 1052 1359 1102; x_wconf 91' lang='lat' dir='ltr'><strong>Metellus</strong></span> <span class='ocrx_word' id='word_1_84' title='bbox 1409 1054 1542 1102; x_wconf 91' lang='lat' dir='ltr'><strong>Pius</strong></span> <span class='ocrx_word' id='word_1_85' title='bbox 1585 1053 1797 1116; x_wconf 89' lang='lat' dir='ltr'><strong>Scipio,</strong></span> <span class='ocrx_word' id='word_1_86' title='bbox 1840 1053 1895 1100; x_wconf 96' lang='lat' dir='ltr'><strong>L.</strong></span> 
     </span>
     <span class='ocr_line' id='line_1_13' title="bbox 321 1132 1895 1197; baseline 0.003 -19"><span class='ocrx_word' id='word_1_87' title='bbox 321 1132 531 1180; x_wconf 89' lang='lat' dir='ltr'><strong>Villius</strong></span> <span class='ocrx_word' id='word_1_88' title='bbox 580 1133 636 1182; x_wconf 87' lang='lat' dir='ltr'><strong>L.</strong></span> <span class='ocrx_word' id='word_1_89' title='bbox 695 1133 726 1182; x_wconf 85' lang='lat' dir='ltr'><strong>f.</strong></span> <span class='ocrx_word' id='word_1_90' title='bbox 776 1132 927 1181; x_wconf 92' lang='lat' dir='ltr'><strong>Pom.</strong></span> <span class='ocrx_word' id='word_1_91' title='bbox 979 1133 1222 1182; x_wconf 87' lang='lat' dir='ltr'><strong>Annalis</strong></span> <span class='ocrx_word' id='word_1_92' title='bbox 1273 1133 1328 1183; x_wconf 92' lang='lat' dir='ltr'><strong>C.</strong></span> <span class='ocrx_word' id='word_1_93' title='bbox 1380 1133 1695 1197; x_wconf 91' lang='lat' dir='ltr'><strong>Septimius</strong></span> <span class='ocrx_word' id='word_1_94' title='bbox 1747 1134 1810 1182; x_wconf 93' lang='lat' dir='ltr'><strong>T.</strong></span> <span class='ocrx_word' id='word_1_95' title='bbox 1866 1133 1895 1182; x_wconf 92' lang='lat' dir='ltr'><strong>f.</strong></span> 
     </span>
     <span class='ocr_line' id='line_1_14' title="bbox 322 1212 1897 1278; baseline 0.001 -17"><span class='ocrx_word' id='word_1_96' title='bbox 322 1212 582 1273; x_wconf 89' lang='lat' dir='ltr'><strong>Quirina,</strong></span> <span class='ocrx_word' id='word_1_97' title='bbox 630 1214 684 1263; x_wconf 90' lang='lat' dir='ltr'><strong>C.</strong></span> <span class='ocrx_word' id='word_1_98' title='bbox 724 1214 994 1262; x_wconf 76' lang='lat' dir='ltr'><strong>Lucilius</strong></span> <span class='ocrx_word' id='word_1_99' title='bbox 1037 1213 1166 1276; x_wconf 88' lang='lat' dir='ltr'><strong>C.f.</strong></span> <span class='ocrx_word' id='word_1_100' title='bbox 1202 1214 1341 1278; x_wconf 82' lang='lat' dir='ltr'><strong>Pup.</strong></span> <span class='ocrx_word' id='word_1_101' title='bbox 1376 1215 1618 1274; x_wconf 82' lang='lat' dir='ltr'><strong>Hirrus,</strong></span> <span class='ocrx_word' id='word_1_102' title='bbox 1658 1215 1713 1264; x_wconf 95' lang='lat' dir='ltr'><strong>C.</strong></span> <span class='ocrx_word' id='word_1_103' title='bbox 1752 1215 1897 1264; x_wconf 90' lang='lat' dir='ltr'><strong>Scri-</strong></span> 
     </span>
     <span class='ocr_line' id='line_1_15' title="bbox 321 1294 1896 1359; baseline 0.002 -18"><span class='ocrx_word' id='word_1_104' title='bbox 321 1295 529 1342; x_wconf 90' lang='lat' dir='ltr'><strong>bonius</strong></span> <span class='ocrx_word' id='word_1_105' title='bbox 563 1294 619 1344; x_wconf 94' lang='lat' dir='ltr'><strong>C.</strong></span> <span class='ocrx_word' id='word_1_106' title='bbox 644 1296 675 1344; x_wconf 92' lang='lat' dir='ltr'><strong>f.</strong></span> <span class='ocrx_word' id='word_1_107' title='bbox 702 1296 835 1359; x_wconf 92' lang='lat' dir='ltr'><strong>Pop.</strong></span> <span class='ocrx_word' id='word_1_108' title='bbox 862 1295 1050 1354; x_wconf 92' lang='lat' dir='ltr'><strong>Curio,</strong></span> <span class='ocrx_word' id='word_1_109' title='bbox 1086 1296 1140 1345; x_wconf 95' lang='lat' dir='ltr'><strong>L.</strong></span> <span class='ocrx_word' id='word_1_110' title='bbox 1167 1297 1369 1345; x_wconf 91' lang='lat' dir='ltr'><strong>Ateius</strong></span> <span class='ocrx_word' id='word_1_111' title='bbox 1406 1298 1460 1346; x_wconf 91' lang='lat' dir='ltr'><strong>L.</strong></span> <span class='ocrx_word' id='word_1_112' title='bbox 1491 1298 1521 1346; x_wconf 91' lang='lat' dir='ltr'><strong>f.</strong></span> <span class='ocrx_word' id='word_1_113' title='bbox 1547 1299 1648 1345; x_wconf 93' lang='lat' dir='ltr'><strong>An.</strong></span> <span class='ocrx_word' id='word_1_114' title='bbox 1675 1296 1896 1359; x_wconf 87' lang='lat' dir='ltr'><strong>Capito,</strong></span> 
     </span>
     <span class='ocr_line' id='line_1_16' title="bbox 322 1375 1896 1439; baseline 0 -15"><span class='ocrx_word' id='word_1_115' title='bbox 322 1376 391 1424; x_wconf 90' lang='lat' dir='ltr'><strong>M.</strong></span> <span class='ocrx_word' id='word_1_116' title='bbox 430 1375 651 1439; x_wconf 90' lang='lat' dir='ltr'><strong>Eppius</strong></span> <span class='ocrx_word' id='word_1_117' title='bbox 693 1377 764 1426; x_wconf 90' lang='lat' dir='ltr'><strong>M.</strong></span> <span class='ocrx_word' id='word_1_118' title='bbox 803 1378 834 1426; x_wconf 91' lang='lat' dir='ltr'><strong>f.</strong></span> <span class='ocrx_word' id='word_1_119' title='bbox 882 1377 1171 1426; x_wconf 89' lang='lat' dir='ltr'><strong>Teretina.</strong></span> <span class='ocrx_word' id='word_1_120' title='bbox 1260 1378 1428 1437; x_wconf 95' lang='lat' dir='ltr'><strong>Quod</strong></span> <span class='ocrx_word' id='word_1_121' title='bbox 1475 1378 1546 1429; x_wconf 89' lang='lat' dir='ltr'><strong>M.</strong></span> <span class='ocrx_word' id='word_1_122' title='bbox 1585 1378 1896 1426; x_wconf 88' lang='lat' dir='ltr'><strong>Marcellus</strong></span> 
     </span>
     <span class='ocr_line' id='line_1_17' title="bbox 322 1458 1896 1524; baseline 0.001 -18"><span class='ocrx_word' id='word_1_123' title='bbox 322 1472 433 1507; x_wconf 90' lang='lat' dir='ltr'><strong>cos.</strong></span> <span class='ocrx_word' id='word_1_124' title='bbox 464 1473 505 1507; x_wconf 91' lang='lat' dir='ltr'><strong>v.</strong></span> <span class='ocrx_word' id='word_1_125' title='bbox 536 1458 568 1507; x_wconf 88' lang='lat' dir='ltr'><strong>f.</strong></span> <span class='ocrx_word' id='word_1_126' title='bbox 599 1459 667 1507; x_wconf 89' lang='lat' dir='ltr'><strong>de</strong></span> <span class='ocrx_word' id='word_1_127' title='bbox 700 1459 1033 1524; x_wconf 91' lang='lat' dir='ltr'><strong>provinciis,</strong></span> <span class='ocrx_word' id='word_1_128' title='bbox 1065 1460 1111 1507; x_wconf 92' lang='lat' dir='ltr'><strong>d.</strong></span> <span class='ocrx_word' id='word_1_129' title='bbox 1137 1476 1177 1508; x_wconf 91' lang='lat' dir='ltr'><strong>e.</strong></span> <span class='ocrx_word' id='word_1_130' title='bbox 1202 1476 1238 1509; x_wconf 85' lang='lat' dir='ltr'><strong>r.</strong></span> <span class='ocrx_word' id='word_1_131' title='bbox 1263 1461 1291 1509; x_wconf 93' lang='lat' dir='ltr'><strong>i.</strong></span> <span class='ocrx_word' id='word_1_132' title='bbox 1317 1476 1374 1520; x_wconf 92' lang='lat' dir='ltr'><strong>c.,</strong></span> <span class='ocrx_word' id='word_1_133' title='bbox 1408 1470 1670 1509; x_wconf 90' lang='lat' dir='ltr'><strong>senatum</strong></span> <span class='ocrx_word' id='word_1_134' title='bbox 1703 1461 1896 1508; x_wconf 85' lang='lat' dir='ltr'><strong>existi-</strong></span> 
     </span>
     <span class='ocr_line' id='line_1_18' title="bbox 322 1541 1896 1604; baseline 0.001 -16"><span class='ocrx_word' id='word_1_135' title='bbox 322 1556 473 1589; x_wconf 90' lang='lat' dir='ltr'><strong>mare</strong></span> <span class='ocrx_word' id='word_1_136' title='bbox 507 1541 792 1589; x_wconf 89' lang='lat' dir='ltr'><strong>neminem</strong></span> <span class='ocrx_word' id='word_1_137' title='bbox 825 1556 1035 1599; x_wconf 90' lang='lat' dir='ltr'><strong>eorum,</strong></span> <span class='ocrx_word' id='word_1_138' title='bbox 1071 1542 1166 1604; x_wconf 94' lang='lat' dir='ltr'><strong>qui</strong></span> <span class='ocrx_word' id='word_1_139' title='bbox 1199 1550 1546 1604; x_wconf 89' lang='lat' dir='ltr'><strong>potestatem</strong></span> <span class='ocrx_word' id='word_1_140' title='bbox 1579 1543 1789 1590; x_wconf 88' lang='lat' dir='ltr'><strong>habent</strong></span> <span class='ocrx_word' id='word_1_141' title='bbox 1820 1544 1896 1590; x_wconf 91' lang='lat' dir='ltr'><strong>in-</strong></span> 
     </span>
     <span class='ocr_line' id='line_1_19' title="bbox 322 1622 1896 1687; baseline 0 -15"><span class='ocrx_word' id='word_1_142' title='bbox 322 1622 670 1681; x_wconf 91' lang='lat' dir='ltr'><strong>tercedendi,</strong></span> <span class='ocrx_word' id='word_1_143' title='bbox 703 1622 1074 1685; x_wconf 81' lang='lat' dir='ltr'><strong>impediendi,</strong></span> <span class='ocrx_word' id='word_1_144' title='bbox 1109 1638 1326 1671; x_wconf 89' lang='lat' dir='ltr'><strong>moram</strong></span> <span class='ocrx_word' id='word_1_145' title='bbox 1359 1624 1583 1680; x_wconf 87' lang='lat' dir='ltr'><strong>adferre</strong></span> <span class='ocrx_word' id='word_1_146' title='bbox 1614 1634 1896 1687; x_wconf 88' lang='lat' dir='ltr'><strong>oportere,</strong></span> 
     </span>
     <span class='ocr_line' id='line_1_20' title="bbox 321 1703 1896 1769; baseline -0.001 -15"><span class='ocrx_word' id='word_1_147' title='bbox 321 1719 435 1769; x_wconf 89' lang='lat' dir='ltr'><strong>quo</strong></span> <span class='ocrx_word' id='word_1_148' title='bbox 475 1704 663 1752; x_wconf 89' lang='lat' dir='ltr'><strong>minus</strong></span> <span class='ocrx_word' id='word_1_149' title='bbox 705 1705 773 1752; x_wconf 93' lang='lat' dir='ltr'><strong>de</strong></span> <span class='ocrx_word' id='word_1_150' title='bbox 817 1720 854 1753; x_wconf 92' lang='lat' dir='ltr'><strong>r.</strong></span> <span class='ocrx_word' id='word_1_151' title='bbox 893 1719 939 1766; x_wconf 90' lang='lat' dir='ltr'><strong>p.</strong></span> <span class='ocrx_word' id='word_1_152' title='bbox 983 1719 1030 1766; x_wconf 89' lang='lat' dir='ltr'><strong>p.</strong></span> <span class='ocrx_word' id='word_1_153' title='bbox 1074 1703 1134 1752; x_wconf 90' lang='lat' dir='ltr'><strong>R.</strong></span> <span class='ocrx_word' id='word_1_154' title='bbox 1178 1703 1240 1764; x_wconf 90' lang='lat' dir='ltr'><strong>Q.</strong></span> <span class='ocrx_word' id='word_1_155' title='bbox 1285 1706 1353 1753; x_wconf 88' lang='lat' dir='ltr'><strong>ad</strong></span> <span class='ocrx_word' id='word_1_156' title='bbox 1395 1714 1659 1754; x_wconf 89' lang='lat' dir='ltr'><strong>senatum</strong></span> <span class='ocrx_word' id='word_1_157' title='bbox 1699 1705 1896 1754; x_wconf 89' lang='lat' dir='ltr'><strong>referri</strong></span> 
     </span>
     <span class='ocr_line' id='line_1_21' title="bbox 322 1785 1896 1851; baseline 0 -16"><span class='ocrx_word' id='word_1_158' title='bbox 322 1786 624 1848; x_wconf 89' lang='lat' dir='ltr'><strong>senatique</strong></span> <span class='ocrx_word' id='word_1_159' title='bbox 654 1786 981 1834; x_wconf 90' lang='lat' dir='ltr'><strong>consultum</strong></span> <span class='ocrx_word' id='word_1_160' title='bbox 1015 1785 1144 1833; x_wconf 91' lang='lat' dir='ltr'><strong>fieri</strong></span> <span class='ocrx_word' id='word_1_161' title='bbox 1177 1787 1394 1851; x_wconf 91' lang='lat' dir='ltr'><strong>possit:</strong></span> <span class='ocrx_word' id='word_1_162' title='bbox 1431 1788 1526 1849; x_wconf 91' lang='lat' dir='ltr'><strong>qui</strong></span> <span class='ocrx_word' id='word_1_163' title='bbox 1557 1787 1896 1848; x_wconf 91' lang='lat' dir='ltr'><strong>impedierit,</strong></span> 
     </span>
     <span class='ocr_line' id='line_1_22' title="bbox 321 1867 1898 1932; baseline 0 -16"><span class='ocrx_word' id='word_1_164' title='bbox 321 1868 698 1932; x_wconf 90' lang='lat' dir='ltr'><strong>prohibuerit,</strong></span> <span class='ocrx_word' id='word_1_165' title='bbox 725 1883 851 1915; x_wconf 92' lang='lat' dir='ltr'><strong>eum</strong></span> <span class='ocrx_word' id='word_1_166' title='bbox 883 1876 1144 1916; x_wconf 89' lang='lat' dir='ltr'><strong>senatum</strong></span> <span class='ocrx_word' id='word_1_167' title='bbox 1177 1867 1511 1916; x_wconf 86' lang='lat' dir='ltr'><strong>existimare</strong></span> <span class='ocrx_word' id='word_1_168' title='bbox 1547 1876 1748 1916; x_wconf 92' lang='lat' dir='ltr'><strong>contra</strong></span> <span class='ocrx_word' id='word_1_169' title='bbox 1782 1884 1898 1916; x_wconf 91' lang='lat' dir='ltr'><strong>rem</strong></span> 
     </span>
     <span class='ocr_line' id='line_1_23' title="bbox 322 1948 1896 2013; baseline -0.001 -13"><span class='ocrx_word' id='word_1_170' title='bbox 322 1949 611 2013; x_wconf 90' lang='lat' dir='ltr'><strong>publicam</strong></span> <span class='ocrx_word' id='word_1_171' title='bbox 645 1949 869 1998; x_wconf 87' lang='lat' dir='ltr'><strong>fecisse.</strong></span> <span class='ocrx_word' id='word_1_172' title='bbox 941 1948 998 1996; x_wconf 92' lang='lat' dir='ltr'><strong>Si</strong></span> <span class='ocrx_word' id='word_1_173' title='bbox 1030 1949 1158 2011; x_wconf 89' lang='lat' dir='ltr'><strong>quis</strong></span> <span class='ocrx_word' id='word_1_174' title='bbox 1191 1949 1323 1997; x_wconf 92' lang='lat' dir='ltr'><strong>huic</strong></span> <span class='ocrx_word' id='word_1_175' title='bbox 1354 1964 1393 1999; x_wconf 92' lang='lat' dir='ltr'><strong>s.</strong></span> <span class='ocrx_word' id='word_1_176' title='bbox 1419 1965 1461 1998; x_wconf 91' lang='lat' dir='ltr'><strong>e.</strong></span> <span class='ocrx_word' id='word_1_177' title='bbox 1491 1951 1896 2009; x_wconf 90' lang='lat' dir='ltr'><strong>intercesserit,</strong></span> 
     </span>
     <span class='ocr_line' id='line_1_24' title="bbox 323 2031 1897 2094; baseline -0.002 -12"><span class='ocrx_word' id='word_1_178' title='bbox 323 2032 550 2082; x_wconf 90' lang='lat' dir='ltr'><strong>senatui</strong></span> <span class='ocrx_word' id='word_1_179' title='bbox 579 2031 809 2094; x_wconf 90' lang='lat' dir='ltr'><strong>placere</strong></span> <span class='ocrx_word' id='word_1_180' title='bbox 841 2031 1246 2079; x_wconf 90' lang='lat' dir='ltr'><strong>auctoritatem</strong></span> <span class='ocrx_word' id='word_1_181' title='bbox 1279 2031 1562 2092; x_wconf 89' lang='lat' dir='ltr'><strong>perscribi</strong></span> <span class='ocrx_word' id='word_1_182' title='bbox 1587 2039 1640 2077; x_wconf 92' lang='lat' dir='ltr'><strong>et</strong></span> <span class='ocrx_word' id='word_1_183' title='bbox 1664 2031 1731 2078; x_wconf 92' lang='lat' dir='ltr'><strong>de</strong></span> <span class='ocrx_word' id='word_1_184' title='bbox 1755 2047 1819 2079; x_wconf 90' lang='lat' dir='ltr'><strong>ea</strong></span> <span class='ocrx_word' id='word_1_185' title='bbox 1841 2048 1897 2079; x_wconf 93' lang='lat' dir='ltr'><strong>re</strong></span> 
     </span>
     <span class='ocr_line' id='line_1_25' title="bbox 324 2110 1898 2175; baseline -0.002 -12"><span class='ocrx_word' id='word_1_186' title='bbox 324 2115 394 2164; x_wconf 93' lang='lat' dir='ltr'><strong>ad</strong></span> <span class='ocrx_word' id='word_1_187' title='bbox 426 2122 685 2163; x_wconf 90' lang='lat' dir='ltr'><strong>senatum</strong></span> <span class='ocrx_word' id='word_1_188' title='bbox 719 2113 1110 2175; x_wconf 90' lang='lat' dir='ltr'><strong>populumque</strong></span> <span class='ocrx_word' id='word_1_189' title='bbox 1141 2111 1356 2158; x_wconf 85' lang='lat' dir='ltr'><strong>referri.</strong></span> <span class='ocrx_word' id='word_1_190' title='bbox 1428 2110 1579 2157; x_wconf 91' lang='lat' dir='ltr'><strong>Huic</strong></span> <span class='ocrx_word' id='word_1_191' title='bbox 1600 2125 1637 2158; x_wconf 90' lang='lat' dir='ltr'><strong>s.</strong></span> <span class='ocrx_word' id='word_1_192' title='bbox 1661 2126 1702 2159; x_wconf 93' lang='lat' dir='ltr'><strong>c.</strong></span> <span class='ocrx_word' id='word_1_193' title='bbox 1728 2112 1898 2160; x_wconf 91' lang='lat' dir='ltr'><strong>inter-</strong></span> 
     </span>
     <span class='ocr_line' id='line_1_26' title="bbox 326 2189 1898 2254; baseline -0.002 -9"><span class='ocrx_word' id='word_1_194' title='bbox 326 2196 502 2245; x_wconf 89' lang='lat' dir='ltr'><strong>cessit</strong></span> <span class='ocrx_word' id='word_1_195' title='bbox 548 2194 605 2244; x_wconf 95' lang='lat' dir='ltr'><strong>C.</strong></span> <span class='ocrx_word' id='word_1_196' title='bbox 646 2194 890 2252; x_wconf 90' lang='lat' dir='ltr'><strong>Caelius,</strong></span> <span class='ocrx_word' id='word_1_197' title='bbox 940 2193 995 2242; x_wconf 95' lang='lat' dir='ltr'><strong>L.</strong></span> <span class='ocrx_word' id='word_1_198' title='bbox 1045 2192 1327 2249; x_wconf 91' lang='lat' dir='ltr'><strong>Vinicius,</strong></span> <span class='ocrx_word' id='word_1_199' title='bbox 1376 2190 1429 2239; x_wconf 93' lang='lat' dir='ltr'><strong>P.</strong></span> <span class='ocrx_word' id='word_1_200' title='bbox 1471 2189 1795 2254; x_wconf 86' lang='lat' dir='ltr'><strong>Cornelius,</strong></span> <span class='ocrx_word' id='word_1_201' title='bbox 1842 2193 1898 2243; x_wconf 91' lang='lat' dir='ltr'><strong>C.</strong></span> 
     </span>
     <span class='ocr_line' id='line_1_27' title="bbox 325 2276 1084 2338; baseline -0.001 -14"><span class='ocrx_word' id='word_1_202' title='bbox 325 2277 530 2326; x_wconf 89' lang='lat' dir='ltr'><strong>Vibius</strong></span> <span class='ocrx_word' id='word_1_203' title='bbox 554 2277 753 2335; x_wconf 90' lang='lat' dir='ltr'><strong>Pansa,</strong></span> <span class='ocrx_word' id='word_1_204' title='bbox 778 2276 1084 2338; x_wconf 84' lang='lat' dir='ltr'><strong>tribunipl.</strong></span> 
     </span>
    </p>

    <p class='ocr_par' dir='ltr' id='par_1_4' title="bbox 326 2355 1899 2834">
     <span class='ocr_line' id='line_1_28' title="bbox 397 2355 1895 2422; baseline -0.003 -14"><span class='ocrx_word' id='word_1_205' title='bbox 397 2372 441 2422; x_wconf 88' lang='lat'><strong>7.</strong></span> <span class='ocrx_word' id='word_1_206' title='bbox 477 2359 621 2408; x_wconf 91' lang='lat' dir='ltr'><strong>Item</strong></span> <span class='ocrx_word' id='word_1_207' title='bbox 654 2359 877 2407; x_wconf 91' lang='lat' dir='ltr'><strong>senatui</strong></span> <span class='ocrx_word' id='word_1_208' title='bbox 911 2358 1141 2421; x_wconf 90' lang='lat' dir='ltr'><strong>placere</strong></span> <span class='ocrx_word' id='word_1_209' title='bbox 1174 2356 1241 2404; x_wconf 90' lang='lat' dir='ltr'><strong>de</strong></span> <span class='ocrx_word' id='word_1_210' title='bbox 1273 2355 1566 2413; x_wconf 89' lang='lat' dir='ltr'><strong>militibus,</strong></span> <span class='ocrx_word' id='word_1_211' title='bbox 1597 2356 1691 2417; x_wconf 90' lang='lat' dir='ltr'><strong>qui</strong></span> <span class='ocrx_word' id='word_1_212' title='bbox 1723 2356 1778 2403; x_wconf 93' lang='lat' dir='ltr'><strong>in</strong></span> <span class='ocrx_word' id='word_1_213' title='bbox 1811 2372 1895 2404; x_wconf 83' lang='lat' dir='ltr'><strong>ex-</strong></span> 
     </span>
     <span class='ocr_line' id='line_1_29' title="bbox 327 2438 1898 2500; baseline -0.004 -8"><span class='ocrx_word' id='word_1_214' title='bbox 327 2444 507 2493; x_wconf 90' lang='lat' dir='ltr'><strong>ercitu</strong></span> <span class='ocrx_word' id='word_1_215' title='bbox 565 2440 623 2491; x_wconf 93' lang='lat' dir='ltr'><strong>C.</strong></span> <span class='ocrx_word' id='word_1_216' title='bbox 675 2439 938 2489; x_wconf 89' lang='lat' dir='ltr'><strong>Caesaris</strong></span> <span class='ocrx_word' id='word_1_217' title='bbox 998 2446 1153 2487; x_wconf 87' lang='lat' dir='ltr'><strong>sunt:</strong></span> <span class='ocrx_word' id='word_1_218' title='bbox 1213 2438 1307 2500; x_wconf 93' lang='lat' dir='ltr'><strong>qui</strong></span> <span class='ocrx_word' id='word_1_219' title='bbox 1362 2451 1555 2484; x_wconf 92' lang='lat' dir='ltr'><strong>eorum</strong></span> <span class='ocrx_word' id='word_1_220' title='bbox 1611 2438 1898 2499; x_wconf 88' lang='lat' dir='ltr'><strong>stipendia</strong></span> 
     </span>
     <span class='ocr_line' id='line_1_30' title="bbox 327 2518 1898 2583; baseline -0.005 -8"><span class='ocrx_word' id='word_1_221' title='bbox 327 2526 564 2576; x_wconf 90' lang='lat' dir='ltr'><strong>emerita</strong></span> <span class='ocrx_word' id='word_1_222' title='bbox 598 2532 691 2572; x_wconf 91' lang='lat' dir='ltr'><strong>aut</strong></span> <span class='ocrx_word' id='word_1_223' title='bbox 735 2536 952 2580; x_wconf 88' lang='lat' dir='ltr'><strong>causas,</strong></span> <span class='ocrx_word' id='word_1_224' title='bbox 990 2521 1197 2583; x_wconf 91' lang='lat' dir='ltr'><strong>quibus</strong></span> <span class='ocrx_word' id='word_1_225' title='bbox 1234 2520 1301 2567; x_wconf 91' lang='lat' dir='ltr'><strong>de</strong></span> <span class='ocrx_word' id='word_1_226' title='bbox 1349 2519 1536 2566; x_wconf 89' lang='lat' dir='ltr'><strong>causis</strong></span> <span class='ocrx_word' id='word_1_227' title='bbox 1577 2518 1736 2566; x_wconf 89' lang='lat' dir='ltr'><strong>missi</strong></span> <span class='ocrx_word' id='word_1_228' title='bbox 1773 2519 1898 2567; x_wconf 92' lang='lat' dir='ltr'><strong>fieri</strong></span> 
     </span>
     <span class='ocr_line' id='line_1_31' title="bbox 326 2600 1899 2665; baseline -0.006 -7"><span class='ocrx_word' id='word_1_229' title='bbox 326 2611 588 2665; x_wconf 92' lang='lat' dir='ltr'><strong>debeant,</strong></span> <span class='ocrx_word' id='word_1_230' title='bbox 637 2606 900 2662; x_wconf 87' lang='lat' dir='ltr'><strong>habeant,</strong></span> <span class='ocrx_word' id='word_1_231' title='bbox 949 2603 1018 2651; x_wconf 92' lang='lat' dir='ltr'><strong>ad</strong></span> <span class='ocrx_word' id='word_1_232' title='bbox 1069 2602 1223 2650; x_wconf 92' lang='lat' dir='ltr'><strong>hunc</strong></span> <span class='ocrx_word' id='word_1_233' title='bbox 1271 2601 1531 2648; x_wconf 91' lang='lat' dir='ltr'><strong>ordinem</strong></span> <span class='ocrx_word' id='word_1_234' title='bbox 1578 2600 1794 2659; x_wconf 90' lang='lat' dir='ltr'><strong>referri,</strong></span> <span class='ocrx_word' id='word_1_235' title='bbox 1841 2611 1899 2650; x_wconf 93' lang='lat' dir='ltr'><strong>ut</strong></span> 
     </span>
     <span class='ocr_line' id='line_1_32' title="bbox 327 2687 1897 2746; baseline -0.005 -7"><span class='ocrx_word' id='word_1_236' title='bbox 327 2705 523 2740; x_wconf 90' lang='lat' dir='ltr'><strong>eorum</strong></span> <span class='ocrx_word' id='word_1_237' title='bbox 569 2689 716 2736; x_wconf 89' lang='lat' dir='ltr'><strong>ratio</strong></span> <span class='ocrx_word' id='word_1_238' title='bbox 763 2687 1040 2735; x_wconf 87' lang='lat' dir='ltr'><strong>habeatur</strong></span> <span class='ocrx_word' id='word_1_239' title='bbox 1085 2697 1411 2746; x_wconf 88' lang='lat' dir='ltr'><strong>causaeque</strong></span> <span class='ocrx_word' id='word_1_240' title='bbox 1454 2691 1897 2744; x_wconf 87' lang='lat' dir='ltr'><strong>cognoscantur.</strong></span> 
     </span>
     <span class='ocr_line' id='line_1_33' title="bbox 329 2763 1897 2834; baseline -0.008 -11"><span class='ocrx_word' id='word_1_241' title='bbox 329 2774 387 2823; x_wconf 89' lang='lat' dir='ltr'><strong>Si</strong></span> <span class='ocrx_word' id='word_1_242' title='bbox 428 2772 554 2834; x_wconf 88' lang='lat' dir='ltr'><strong>quis</strong></span> <span class='ocrx_word' id='word_1_243' title='bbox 595 2770 724 2818; x_wconf 92' lang='lat' dir='ltr'><strong>huic</strong></span> <span class='ocrx_word' id='word_1_244' title='bbox 761 2784 797 2817; x_wconf 85' lang='lat' dir='ltr'><strong>S.</strong></span> <span class='ocrx_word' id='word_1_245' title='bbox 834 2784 876 2818; x_wconf 93' lang='lat' dir='ltr'><strong>c.</strong></span> <span class='ocrx_word' id='word_1_246' title='bbox 918 2766 1361 2826; x_wconf 89' lang='lat' dir='ltr'><strong>intercessisset,</strong></span> <span class='ocrx_word' id='word_1_247' title='bbox 1405 2765 1629 2813; x_wconf 88' lang='lat' dir='ltr'><strong>senatui</strong></span> <span class='ocrx_word' id='word_1_248' title='bbox 1671 2763 1897 2827; x_wconf 90' lang='lat' dir='ltr'><strong>placere</strong></span> 
     </span>
    </p>
   </div>
  </div>
 </body>
</html>
