2040 3048
452 568 562 644 M.
628 568 1036 647 TULLII
1121 567 1773 647 CICERONIS

573 758 1093 820 EPIsToLAE
1163 757 1665 819 SELECTAE.

946 926 1147 979 PARS
1198 926 1292 980 IV.

713 1068 790 1113 79.
860 1065 955 1112 AD
991 1065 1313 1113 ATTICUM
1350 1064 1434 1111 XI.
1477 1077 1521 1124 5.

435 1161 545 1211 SCR.
582 1160 837 1210 BRUNmsn
871 1177 947 1209 PR.
984 1161 1155 1210 NoNAs
1191 1160 1491 1209 NOVEMBRES
1525 1175 1666 1210 Aque.
1706 1161 1816 1221 706.

851 1266 1021 1299 CICERO
1059 1265 1236 1299 ATT1co
1271 1265 1374 1298 SAL.

411 1362 446 1393 ι.
491 1345 639 1404 QUAE
682 1359 762 1392 me
805 1360 980 1393 causae
1021 1345 1273 1403 moverint,
1310 1360 1459 1407 quam
1501 1345 1718 1401 acerbae,
1763 1359 1910 1406 quam

335 1443 521 1490 graves,
547 1443 695 1490 quam
727 1441 899 1484 novae,
927 1427 1272 1490 coegerintque
1295 1426 1480 1489 impetu
1515 1426 1671 1488 magis
1696 1426 1911 1488 quodam

333 1509 481 1557 animi
530 1509 597 1556 uti
645 1523 792 1571 quam
841 1509 1151 1571 cogitatione,
1200 1523 1302 1555 non
1350 1522 1551 1570 possum
1602 1506 1665 1554 ad
1712 1515 1759 1554 te
1808 1507 1910 1554 sine

333 1591 549 1638 maximo
590 1590 758 1638 dolore
797 1590 1008 1639 scribere
1026 1606 1038 1649 3
1079 1590 1274 1638 fuerunt
1312 1589 1508 1651 quidem
1549 1597 1724 1646 tantae,
1754 1597 1807 1636 ut
1847 1589 1911 1646 id,

335 1672 471 1735 quod
495 1671 644 1730 vides,
670 1671 932 1720 effecerint.
1006 1672 1177 1734 Itaque
1202 1686 1293 1718 nec
1319 1670 1435 1734 quid
1459 1670 1522 1717 ad
1546 1678 1592 1716 te
1618 1670 1825 1717 scribam
1851 1669 1913 1717 de

336 1754 456 1801 meis
486 1754 630 1800 rebus
664 1768 755 1801 nec
787 1753 903 1816 quid
937 1768 965 1799 a
997 1760 1043 1799 te
1066 1761 1245 1815 petam,
1271 1752 1474 1814 reperio.
1545 1750 1674 1799 Rem
1705 1759 1753 1799 et
1784 1767 1913 1799 sum-

337 1851 471 1882 mam
503 1835 685 1898 negotii
710 1835 860 1882 vides.
930 1833 1175 1896 Equidem
1212 1850 1273 1882 ex
1304 1834 1398 1881 tuis
1431 1833 1594 1880 litteris
1627 1833 1836 1881 intellexi
1867 1840 1915 1880 et

336 1917 406 1974 iis,
432 1931 554 1979 quas
590 1916 914 1965 communiter
947 1931 1059 1963 cum
1092 1916 1195 1963 aliis
1229 1915 1473 1978 scripsisti,
1498 1923 1545 1962 et
1576 1915 1646 1974 iis,
1676 1929 1797 1977 quas
1829 1923 1914 1963 tuo

336 1999 550 2056 nomine,
587 1998 720 2059 quod
759 1998 904 2044 etiarn
945 2013 1056 2045 mea
1096 2005 1271 2059 sponte
1307 1997 1545 2054 videbam,
1583 2004 1630 2044 te
1668 1997 1824 2044 subita
1863 2012 1914 2044 re

338 2079 477 2141 quasi
502 2079 801 2126 debilitatum
826 2094 976 2126 novas
1001 2079 1211 2126 rationes
1244 2078 1410 2125 tuendi
1434 2079 1530 2125 mei
1554 2093 1794 2140 quaerere.
1871 2094 1912 2125 2.

340 2160 490 2219 Quod
540 2160 707 2208 scribis
748 2160 952 2222 placere,
993 2168 1046 2207 ut
1087 2160 1286 2221 propius
1334 2159 1566 2207 accedam
1608 2159 1790 2220 iterque
1829 2174 1915 2221 per

340 2241 521 2303 oppida
546 2248 694 2288 noctu
718 2239 907 2299 faciam,
933 2255 1035 2288 non
1061 2255 1177 2288 sane
1202 2241 1356 2298 video,
1383 2255 1529 2302 quem
1554 2240 1616 2288 ad
1640 2240 1842 2288 modum
1866 2240 1915 2287 id

342 2323 442 2371 fieri
466 2323 619 2385 possit
633 2339 645 2382 3
683 2338 844 2385 neque
870 2323 1000 2370 enim
1025 2323 1091 2370 ita
1114 2331 1226 2385 apta
1250 2322 1408 2370 habeo
1433 2323 1716 2380 deversoria,
1742 2331 1792 2369 ut
1816 2332 1916 2370 tota

342 2413 563 2468 tempora
599 2405 769 2452 diurna
804 2405 855 2452 in
897 2404 954 2452 iis
989 2405 1176 2466 possim
1217 2420 1517 2462 consumere,
1553 2419 1711 2466 neque
1752 2405 1814 2451 ad
1851 2404 1914 2460 id,

343 2487 476 2548 quod
519 2486 722 2548 quaeris,
761 2485 966 2533 multum
1008 2487 1219 2544 interest,
1262 2495 1423 2533 utrum
1470 2502 1548 2533 me
1596 2486 1819 2534 homines
1866 2486 1916 2532 in

344 2567 527 2630 oppido
560 2567 754 2615 videant
790 2583 851 2615 an
886 2567 935 2613 in
965 2567 1053 2614 via.
1128 2568 1224 2615 Sed
1265 2576 1428 2616 tamen
1466 2568 1560 2615 hoc
1598 2568 1772 2629 ipsum,
1799 2567 1918 2615 sicut

346 2650 451 2707 alia,
489 2649 810 2697 considerabo
855 2665 1002 2711 quern
1044 2649 1105 2696 ad
1141 2649 1345 2697 modum
1384 2649 1777 2696 commodissime
1819 2649 1917 2696 fieri

345 2745 492 2791 posse
517 2730 744 2778 videatur.
819 2745 862 2790 3.
900 2729 1009 2791 Ego
1035 2738 1233 2792 propter
1258 2730 1587 2778 incredibilem
1620 2739 1666 2777 et
1697 2730 1842 2777 animi
1871 2738 1919 2777 et

345 2811 562 2874 corporis
588 2811 860 2859 molestiam
886 2811 1125 2859 conficere
1149 2812 1310 2874 plures
1334 2811 1512 2859 litteras
1537 2826 1638 2858 non
1662 2811 1823 2872 potui;
1862 2811 1918 2858 iis

2023 2780 2040 2834 Ἁ-ῡ·
2030 2746 2040 2758 ,³
2022 2535 2040 2735 stant-nues—
2023 2265 2040 2520 ,ψη-..ω
2028 2222 2040 2259 ιι..
2035 2195 2040 2204 -
2026 2086 2040 2184 athan„
2034 2057 2040 2079 -.

2014 2962 2040 3048 m*
2022 2923 2040 2945 .‘*
2015 2836 2040 2905 ..Effe
