2040 3048
306 91 407 155 146
756 102 818 142 M.
863 101 1062 141 TULLII
1097 102 1264 142 crem
1272 102 1408 143 oms
1668 92 1780 160 [Pars
1801 105 1873 143 ιιι.

297 224 572 277 “animulae
620 225 906 286 stillarunt3'
965 234 1232 275 recreatum
1279 227 1409 275 enim
1467 241 1547 274 me
1600 241 1702 274 non
1744 241 1871 288 queo

295 306 473 356 dicere.
525 307 643 370 *Sed
681 307 824 370 plane
864 310 914 354 τὸ
960 308 1143 368 συνέχον
1183 308 1383 357 effecisti
1401 325 1413 368 3
1464 323 1557 370 ego
1600 307 1746 356 enim.
1774 323 1875 356 non

301 387 396 435 iam
430 388 480 436 id
516 403 624 450 ago,
651 388 769 437 mihi
804 388 960 448 crede,
996 397 1048 437 ut
1083 405 1346 453 prosperos
1381 390 1537 437 exitus
1572 403 1869 452 consequar:

302 468 536 518 sic‘enim
571 469 728 527 viden,
764 485 857 518 nec
899 470 1091 518 duobus
1125 470 1199 519 his
1234 471 1352 518 vivis
1388 485 1480 518 nec
1516 470 1610 518 hoc
1645 484 1745 528 uno
1781 484 1874 517 nos

300 565 533 614 umquam
571 566 673 599 rem
719 550 964 615 publicam
1008 551 1271 600 habituros.
1343 551 1420 599 Ita
1465 566 1623 614 neque
1671 551 1732 598 de
1774 552 1874 598 otio

300 640 467 680 nostro
491 645 635 694 spero
668 631 764 678 iam
800 646 891 680 nec
925 631 1072 679 ullam
1104 632 1415 680 acerbitatem
1451 645 1637 679 recuso.
1707 629 1874 678 Unum

300 712 414 760 illud
438 712 839 779 extimescebam,
865 727 927 761 ne
957 713 1074 776 quid
1107 714 1307 775 turpiter
1342 713 1566 771 facerem,
1591 712 1666 760 vel
1701 712 1872 770 dicam,

300 794 396 841 iam
443 793 679 842 fecissem.
769 810 811 842 2.
852 793 930 843 Sic
977 809 1095 857 ergo
1144 795 1337 849 habet0,
1388 794 1618 842 salutares
1663 801 1711 841 te
1757 793 1875 840 mihi

299 875 475 927 litteras
515 875 719 932 misisse,
746 890 906 937 neque
943 875 1100 924 solum
1138 875 1225 923 has
1261 876 1524 938 longiores,
1549 876 1725 938 quibus
1760 874 1875 922 nihil

301 964 460 1019 potest
506 971 613 1005 esse
660 955 955 1018 explicatius,
998 956 1113 1003 nihil
1152 956 1422 1019 perfectius,
1461 957 1549 1005 sed
1589 958 1733 1004 etiam
1774 956 1875 1004 illas

299 1038 552 1096 breviores,
589 1038 639 1085 in
680 1038 855 1100 quibus
894 1037 990 1086 hoc
1028 1037 1144 1084 mihi
1179 1037 1582 1085 iucundissimum
1621 1037 1720 1095 fuit,
1757 1052 1874 1084 con-

300 1119 458 1167 silium
493 1118 772 1182 factumque
790 1126 1010 1166 nostrum
1036 1133 1065 1166 a
1084 1117 1238 1169 ‘Sexto
1272 1119 1482 1181 probari,
1503 1127 1876 1181 pergratumque

300 1201 417 1248 mihi
447 1210 500 1249 tu
524 1200 691 1259 fecisti,
717 1215 746 1247 a
770 1215 870 1262 quo
907 1200 1039 1262 diligi
1074 1215 1153 1247 me
1187 1208 1247 1254 et,
1273 1200 1390 1262 quid
1423 1207 1607 1247 rectum
1643 1200 1716 1258 sit,
1741 1199 1875 1247 intel-

299 1284 396 1345 legi
418 1283 536 1331 sci0.
606 1282 825 1345 Longior
856 1297 970 1330 vero
1006 1289 1088 1329 tua
1120 1282 1326 1344 epistola
1351 1296 1452 1330 non
1484 1297 1563 1341 me
1590 1282 1762 1339 solum,
1790 1281 1875 1329 sed

300 1379 440 1414 meos
472 1379 645 1412 omnes
675 1364 973 1426 aegritudine
1009 1364 1206 1423 levavit;
1244 1363 1405 1426 itaque
1428 1370 1534 1410 utar
1566 1370 1651 1410 tuo
1674 1362 1875 1410 consilio

299 1453 347 1493 et
370 1459 453 1493 ero
477 1445 528 1492 in
550 1445 830 1504 Formiano,
854 1460 916 1492 ne
941 1452 1023 1492 aut
1047 1444 1111 1492 ad
1134 1444 1304 1492 urbem
1332 1445 1566 1502 ἀπάντησις
1588 1458 1699 1492 mea
1722 1444 1873 1490 anim-

301 1526 572 1575 advertatur
598 1533 695 1586 aut,
721 1527 761 1575 si
793 1541 885 1574 nec
916 1526 996 1573 hic
1020 1541 1112 1574 nec
1145 1525 1238 1573 illic
1266 1540 1379 1573 eum
1407 1525 1587 1577 videro,
1615 1525 1874 1573 devitatum

302 1623 354 1656 se
379 1624 408 1656 a
430 1624 508 1656 me
533 1616 681 1670 putet.
755 1624 798 1670 3.
837 1607 989 1667 Quod
1021 1615 1182 1655 autem
1215 1606 1404 1664 suades,
1434 1614 1488 1654 ut
1518 1607 1582 1654 ab
1620 1621 1680 1654 eo
1712 1614 1875 1669 petam

302 1698 354 1737 ut
376 1690 494 1738 mihi
519 1690 759 1739 concedat
781 1697 835 1736 ut
868 1689 998 1737 idem
1022 1689 1230 1737 tribuam
1247 1687 1500 1750 Pompei0‚
1525 1688 1658 1750 quod
1683 1688 1773 1750 ipsi
1794 1690 1875 1736 tri-

301 1771 503 1830 buerim,
526 1771 577 1819 id
599 1786 678 1819 me
694 1770 790 1818 iam
815 1770 1002 1832 pridem
1027 1785 1172 1831 agere
1196 1769 1446 1830 intelleges
1471 1784 1530 1816 ex
1554 1769 1718 1817 litteris
1738 1769 1874 1817 Balbi

301 1861 348 1901 et
381 1852 543 1915 Oppii,
569 1866 774 1914 quarum
800 1836 1037 1913 exempla,
1054 1851 1140 1898 tibi
1175 1850 1283 1897 misi
1299 1866 1310 1908 ;
1339 1850 1456 1897 misi
1480 1849 1626 1898 etiam
1654 1848 1875 1898 Caesaris

299 1934 363 1982 ad
381 1948 467 1982 eos
500 1949 617 1982 sana
648 1941 811 1981 mente
848 1932 1064 1994 scriptas,
1090 1946 1189 1994 quo
1226 1930 1378 1979 modo
1415 1931 1465 1977 in
1508 1938 1637 1978 tanta
1662 1931 1873 1985 insania.

301 2015 386 2064 Sin
409 2014 526 2075 mihi
550 2014 731 2063 Caesar
754 2014 849 2062 hoc
865 2028 967 2061 non
983 2013 1232 2071 concedat,
1253 2013 1394 2060 video
1419 2012 1503 2060 tibi
1527 2011 1718 2074 placere
1743 2012 1874 2071 illud,

299 2112 379 2144 me
413 2098 647 2156 πολίτευμα
688 2095 748 2143 de
786 2110 906 2157 pace
941 2094 1200 2156 suscipere,
1236 2094 1286 2140 in
1322 2107 1421 2157 quo
1461 2108 1563 2141 non
1610 2094 1874 2142 extimesco

299 2177 591 2241 periculum:
629 2192 742 2224 cum
766 2177 898 2237 enim
931 2182 1003 2223 tot
1034 2175 1363 2237 impendeant,
1394 2189 1478 2222 cur
1510 2189 1611 2221 non
1638 2174 1875 2222 honestis-

301 2260 425 2308 simo
473 2258 714 2321 depecisci
758 2257 937 2306 velim?
997 2255 1094 2304 Sed
1140 2270 1307 2304 vereor
1353 2270 1416 2303 ne
1465 2254 1703 2317 Pompeio
1758 2255 1875 2318 quid

304 2341 465 2390 oneris
479 2341 756 2404 imponam,

597 2431 652 2483 μή
680 2446 746 2482 μοι
773 2429 966 2484 ’γοργείην
993 2428 1175 2482 κεφαλὴν
1203 2429 1345 2469 δεινοῖο
1373 2427 1551 2482 πελώρου

302 2518 602 2580 intorqueat3
653 2515 926 2563 mirandum
962 2514 1092 2562 enim
1130 2514 1185 2561 vin
1223 2513 1447 2561 modum·
1471 2513 1670 2562 Gnaeus
1693 2521 1874 2563 noster

305 2598 485 2646 Sullani
521 2597 657 2660 regni
693 2596 1052 2645 similitudinem
1089 2594 1376 2656 concupivit.
1442 2597 1599 2643 Ἐῖδώς-
1629 2595 1704 2642 ἀοῖ
1738 2581 1871 2657 Χέγω.

304 2679 433 2728 Nihil
469 2679 544 2727 ille
587 2693 819 2742 umquam
855 2678 1016 2726 minus
1052 2677 1258 2725 obscure
1297 2676 1416 2724 tulit.
1491 2674 1873 2729 ‘Oum‘h'occine

302 2762 443 2824 igitur
459 2759 470 2779 '
495 2758 682 2823 inquies
705 2765 840 2807 ‘esse
859 2755 989 2807 vis?'
1034 2757 1331 2805 Beneficium
1358 2757 1690 2820 sequorymihi
1715 2757 1870 2817 crede,
