2040 3048
313 101 383 140 20
778 96 841 135 M.
887 96 1087 134 TULLII
1123 96 1434 135 CICERONIS
1712 84 1826 153 [Pars
1852 97 1883 137 1.

314 229 428 277 ‘tibi
486 243 586 276 non
646 225 978 291 crediderunt?
1071 226 1222 274 ‘Mihi
1275 243 1388 276 vero
1407 227 1420 248 ⁹
1480 228 1679 292 inquam
1739 231 1751 252 ‘
1771 242 1884 275 xxv.

312 311 496 358 iudices
541 308 857 366 crediderunt,
907 323 1052 365 xxxi„
1093 309 1326 370 quoniam
1373 325 1599 358 nummos
1646 316 1758 356 ante
1805 323 1884 355 ac-

313 398 555 454 ceperunt,
612 391 695 438 tibi
747 389 863 436 nihil
915 389 1248 437 crediderunt.'
1342 390 1538 452 Magnis
1594 388 1883 438 clamoribus

313 472 533 520 adflictus
569 470 798 519 conticuit
833 478 881 517 et
916 471 1139 518 concidit.
1217 487 1289 520 11.
1328 471 1507 519 Noster
1542 482 1702 519 autem
1734 479 1883 518 status

314 561 386 601 est
444 553 551 600 hic:
610 551 739 613 apud
797 552 955 599 bonos
1012 552 1159 599 iidem
1219 569 1399 611 sumus,
1460 568 1584 617 quos
1638 552 1882 615 reliquisti,

314 635 446 697 apud
504 634 699 682 sordem
758 633 889 680 urbis
946 642 993 681 et
1049 633 1234 682 faecem
1294 634 1443 683 multo
1505 635 1674 683 melius
1739 649 1883 690 nunc,

317 732 467 780 quam
514 731 616 764 cum
662 715 919 778 reliquisti:
973 706 1091 764 nam*
1135 726 1181 764 et
1227 717 1342 764 illud
1388 717 1529 764 nobis
1576 731 1677 764 non
1731 716 1884 771 obest,

315 798 463 847 videri
510 806 731 846 nostrum
779 798 1107 845 testimonium
1149 814 1250 847 non
1296 800 1524 847 valuisse:
1591 799 1766 846 missus
1813 804 1886 845 est

316 881 515 943 sanguis
557 880 763 927 invidiae
815 880 917 927 sine
966 879 1163 939 dolore3
1211 891 1354 943 atque
1401 881 1546 928 etiam
1581 880 1675 928 hoc
1715 879 1887 941 magis,

317 962 451 1026 quod
507 976 682 1008 omnes
728 961 793 1007 illi
840 960 1045 1008 fautores
1104 961 1226 1009 illius
1280 962 1446 1023 flagitii
1501 977 1603 1008 rem
1661 961 1889 1008 manifes-

317 1054 415 1092 tam
478 1042 607 1090 illam
666 1042 967 1104 redemptam
1026 1057 1130 1089 esse
1191 1059 1220 1090 a
1283 1043 1519 1091 iudicibus
1573 1043 1888 1100 confitentur;

317 1125 504 1174 accedit
539 1124 670 1182 illud,
697 1123 829 1187 quod
865 1123 943 1170 illa
979 1125 1268 1172 contionalis
1300 1125 1473 1173 hirudo
1510 1125 1690 1182 aerarii,
1716 1124 1892 1172 misera

319 1223 374 1256 ac
421 1207 584 1254 ieiuna
629 1205 896 1267 plebecula,
946 1221 1025 1253 me
1081 1206 1141 1253 ab
1189 1206 1284 1255 hoc
1330 1205 1519 1269 Magno
1566 1207 1707 1254 unice
1761 1206 1892 1268 diligi

317 1297 464 1352 putat,
491 1296 537 1336 et
562 1287 751 1335 hercule
776 1287 926 1334 multa
950 1295 998 1334 et
1021 1288 1231 1336 iucunda
1260 1289 1609 1358 consuetudine
1645 1288 1892 1336 coniuncti

316 1370 438 1417 inter
475 1384 567 1418 nos
606 1383 787 1425 sumus,
830 1384 982 1430 usque
1032 1384 1106 1427 eo,
1156 1378 1208 1417 ut
1249 1370 1399 1417 nostri
1438 1370 1515 1418 isti
1553 1370 1892 1418 comissatores

321 1451 680 1507 coniurationis,
707 1451 940 1498 barbatuli
976 1451 1186 1510 iuvenes,
1212 1452 1345 1499 illum
1381 1452 1430 1500 in
1467 1452 1772 1500 sermonibus
1802 1451 1888 1499 Cn.

321 1533 610 1581 Ciceronem
657 1532 928 1594 appellant;
984 1533 1143 1595 itaque
1193 1543 1238 1581 et
1284 1518 1408 1582 ludis
1455 1543 1502 1582 et
1547 1534 1895 1596 gladiatoribus

321 1615 567 1662 mirandas
599 1616 881 1672 ἐπισημασίας
914 1615 1017 1662 sine
1054 1615 1151 1662 ulla
1175 1616 1432 1678 pastoricia
1455 1615 1613 1663 fistula
1647 1615 1894 1663 aufereba-
1956 1662 1958 1664 ,

323 1713 446 1745 mus.
523 1711 597 1744 12.
648 1695 794 1743 Nunc
839 1705 913 1744 est
959 1698 1254 1759 exspectatio
1303 1698 1626 1757 comitiorum,
1672 1697 1723 1745 in
1771 1713 1895 1760 quae

322 1779 550 1827 omnibus
574 1777 731 1826 invitis
757 1777 903 1825 trudit
925 1786 1088 1825 noster
1113 1778 1325 1840 Magnus
1349 1779 1462 1825 Auli
1486 1778 1649 1836 filium,
1673 1786 1820 1840 atque
1845 1779 1894 1825 in

321 1876 381 1908 eo
423 1874 583 1923 neque
631 1859 911 1907 auctoritate
960 1874 1118 1922 neque
1159 1860 1313 1922 gratia
1350 1868 1548 1922 pugnat,
1592 1860 1679 1908 sed
1719 1859 1896 1922 quibus

322 1941 569 2002 Philippus
594 1941 759 1988 omnia
778 1941 971 1988 castella
995 1941 1262 2004 expugnari
1285 1956 1431 2003 posse
1455 1942 1646 1989 dicebat
1673 1937 1745 2006 [in
1771 1956 1895 2003 quae

322 2022 471 2070 modo
511 2022 686 2070 asellus
728 2030 933 2070 onustus
981 2038 1098 2070 auro
1140 2031 1306 2085 posset
1352 2019 1668 2088 ascendere];
1724 2022 1895 2070 consul

321 2112 483 2151 autem
506 2103 582 2151 ille
608 2103 855 2151 deterioris
879 2103 1122 2151 histrionis
1148 2104 1311 2152 similis
1337 2105 1608 2166 suscepisse
1643 2104 1895 2166 negotium

322 2186 492 2233 dicitur
516 2192 563 2233 et
607 2185 742 2232 domi
785 2185 1016 2233 divisores
1054 2186 1260 2245 habere;
1301 2187 1434 2248 quod
1463 2201 1558 2248 ego
1596 2200 1697 2233 non
1733 2186 1894 2233 credo.

323 2265 419 2314 Sed
445 2274 640 2314 senatus
666 2266 891 2314 consulta
915 2267 1013 2314 duo
1038 2267 1134 2315 iam
1167 2267 1295 2315 facta
1327 2275 1438 2314 sunt
1480 2267 1663 2324 odiosa,
1689 2267 1822 2329 quod
1845 2267 1893 2313 in

323 2347 578 2395 consulem
617 2346 744 2394 facta
776 2356 1016 2410 putantur,
1055 2347 1245 2396 Catone
1281 2358 1328 2396 et
1356 2348 1572 2396 Domitio
1606 2349 1894 2410 postulante,

323 2444 490 2486 unum,
516 2436 568 2475 ut
605 2428 737 2491 apud
771 2429 1080 2490 magistratus
1116 2430 1290 2492 inquiri
1318 2430 1494 2487 liceret,
1521 2430 1736 2487 alterum,
1762 2430 1896 2476 cuius

325 2510 457 2558 domi
497 2511 728 2558 divisores
766 2509 1048 2568 habitarent,
1081 2512 1312 2559 adversus
1348 2527 1450 2558 rem
1489 2511 1746 2573 publicam.
1822 2527 1898 2572 13.

327 2591 487 2640 Lurco
512 2601 671 2638 autem
695 2593 910 2640 tribunus
935 2594 1013 2654 pl.‚
1035 2594 1115 2655 qui
1139 2595 1470 2656 magistratum
1495 2593 1636 2640 simul
1661 2608 1772 2639 cum
1792 2593 1898 2655 lege

327 2672 465 2719 Aelia
503 2672 620 2730 iniit,
665 2673 848 2720 solutus
891 2682 963 2720 est
1002 2682 1048 2721 et
1089 2675 1226 2722 Aelia
1266 2683 1313 2722 et
1354 2674 1503 2731 Fufia,
1547 2685 1598 2721 ut
1635 2674 1793 2735 legem
1839 2674 1899 2721 de

331 2755 514 2801 ambitu
538 2754 691 2812 ferret,
743 2770 889 2816 quam
937 2755 1012 2802 ille
1062 2757 1193 2804 bono
1243 2756 1459 2819 auspicio
1506 2756 1703 2803 claudus
1750 2755 1900 2805 homo
