2040 3048
275 93 311 143 4
741 88 802 127 M.
845 87 1042 127 TULLII
1078 89 1389 127 CICERONIS
1668 79 1781 146 [Pars
1806 90 1837 127 1.

275 229 507 279 nostrum,
546 219 802 268 defendere
839 221 1107 283 cogitamus
1125 237 1139 279 3
1201 221 1382 269 iudices
1421 219 1671 279 habemuS,
1719 235 1843 283 quos

276 303 525 359 voluimus,
594 317 783 349 summa
850 303 1138 350 accusatoris
1205 303 1464 351 voluntate.
1565 302 1732 365 Spero,
1804 303 1844 350 si

275 384 519 431 absolutus
549 384 648 441 erit,
687 384 1067 431 coniunctiorem
1101 384 1233 430 illum
1270 384 1408 432 nobis
1438 384 1539 432 fore
1574 385 1624 431 in
1660 385 1842 432 ratione

275 466 543 528 petitionis;
586 466 660 512 sin
679 465 810 512 aliter
830 465 1066 522 acciderit,
1088 465 1357 514 humaniter
1376 466 1596 514 feremus.
1662 484 1702 514 2.
1731 466 1844 513 Tuo

275 547 482 594 adventu
529 547 671 594 nobis
719 561 842 608 opus
889 555 960 594 est
1007 555 1195 595 maturo
1214 563 1226 606 ;
1278 562 1391 595 nam
1418 563 1613 609 prorsus
1657 562 1846 595 summa

275 629 526 676 hominum
564 636 637 676 est
683 629 848 690 opinio
898 637 1007 676 tuos
1055 627 1323 687 familiares,
1373 630 1560 677 nobiles
1607 629 1844 687 homines,

275 710 572 758 adversarios
618 710 791 758 honori
840 719 1008 759 nostro
1046 712 1173 759 fore:
1234 712 1294 759 ad
1337 727 1505 760 eorum
1550 713 1845 760 voluntatem

275 791 389 837 mihi
413 790 764 838 conciliandam
790 794 1004 839 maximo
1028 800 1074 840 te
1099 792 1214 840 mihi
1233 793 1338 841 usui
1371 793 1474 840 fore
1507 793 1659 841 vide0.
1734 793 1846 852 Qua

273 888 323 920 re
347 873 573 921 Ianuario
598 888 779 932 mense,
805 882 857 921 ut
882 875 1182 933 constituisti,
1208 890 1322 922 cura
1345 883 1398 922 ut
1424 874 1614 922 Romae
1641 876 1719 923 sis.

632 1028 672 1071 3.
745 1024 839 1072 AD
876 1024 1295 1072 FAMILIARES
1332 1024 1392 1073 V.
1422 1005 1477 1074 =7.

721 1119 832 1167 ScR.
871 1119 1053 1167 ROMAE
1090 1135 1254 1169 A.U.c.
1295 1122 1406 1182 692.

431 1223 482 1257 M.
508 1223 714 1257 TULLIUS
738 1224 787 1255 M.
815 1224 857 1256 F.
884 1224 1054 1257 CICERO
1080 1224 1115 1256 S.
1143 1224 1187 1256 D.
1213 1224 1286 1257 CN.
1313 1224 1518 1258 POMPEIO
1543 1225 1615 1258 CN.
1641 1224 1685 1257 F.

806 1292 973 1324 MAGNO
998 1291 1309 1324 IMPERATORI.

348 1379 386 1411 1.
432 1363 476 1412 S.
518 1365 579 1412 T.
615 1363 671 1410 E.
709 1363 769 1422 Q.
808 1363 869 1411 V.
907 1363 963 1412 B.
1000 1363 1055 1411 E.
1116 1363 1192 1411 Ex
1210 1364 1372 1412 litteris
1394 1365 1499 1423 tuis,
1516 1380 1636 1427 quas
1655 1365 1845 1428 publice

273 1446 456 1503 misisti,
494 1446 599 1508 cepi
634 1460 732 1492 una
768 1460 879 1492 cum
904 1445 1129 1492 omnibus
1164 1445 1492 1494 incredibilem
1519 1445 1841 1509 voluptatem;

275 1536 455 1575 tantam
491 1527 620 1574 enim
658 1542 795 1588 spem
831 1526 914 1574 otii
951 1526 1218 1585 ostendisti,
1255 1535 1487 1589 quantam
1523 1543 1617 1590 ego
1652 1543 1843 1591 semper

275 1610 499 1657 omnibus
546 1617 593 1656 te
618 1623 716 1656 uno
765 1608 917 1656 fretus
959 1608 1247 1671 pollicebar;
1287 1609 1372 1656 sed
1419 1608 1514 1656 hoc
1561 1610 1699 1667 scit0‚
1735 1618 1843 1657 tuos

274 1698 454 1738 veteres
477 1689 656 1747 hostes,
676 1704 829 1737 novos
854 1689 1052 1747 amicos,
1078 1689 1384 1736 vehementer
1407 1689 1570 1737 litteris
1594 1690 1843 1752 perculsos

272 1780 413 1835 atque
437 1787 498 1819 ex
523 1785 703 1833 magna
737 1786 823 1833 spe
849 1771 1126 1818 deturbatos
1158 1770 1327 1819 iacere.
1403 1787 1446 1818 2.
1474 1770 1553 1817 Ad
1577 1786 1657 1818 me
1682 1779 1841 1819 autem

271 1854 461 1911 litteras,
487 1867 608 1915 quas
636 1852 818 1911 misisti,
855 1866 1154 1914 quamquam
1183 1852 1410 1914 exiguam
1441 1852 1841 1913 significationem

270 1942 379 1982 tuae
406 1949 520 1997 erga
542 1949 621 1981 me
646 1933 902 1981 voluntatis
926 1933 1182 1992 habebant,
1199 1941 1362 1980 tamen
1385 1932 1501 1979 mihi
1528 1934 1649 1980 scito
1674 1933 1840 1980 iucun-

271 2017 356 2065 das
381 2017 552 2076 fuisse3
597 2015 726 2063 nulla
750 2016 878 2063 enim
902 2030 953 2062 re
978 2023 1076 2063 tam
1100 2015 1263 2062 laetari
1288 2015 1423 2062 soleo
1448 2030 1593 2077 quam
1618 2030 1839 2063 meorum

269 2098 535 2147 officiorum
554 2097 863 2155 conscientia,
877 2097 1050 2159 quibus
1069 2097 1108 2144 si
1123 2097 1320 2158 quando
1340 2111 1441 2143 non
1456 2104 1622 2143 mutue
1637 2112 1838 2159 respon-

270 2180 419 2238 detur,
445 2178 574 2242 apud
597 2194 676 2227 me
700 2178 807 2241 plus
832 2178 975 2226 officii
1007 2177 1212 2225 residere
1249 2177 1471 2225 facillime
1507 2178 1690 2240 patior:
1725 2178 1840 2226 illud

268 2276 368 2309 non
394 2261 575 2319 dubito,
601 2261 730 2323 quin,
757 2261 796 2308 si
820 2267 866 2308 te
902 2274 1011 2307 mea
1047 2274 1235 2306 summa
1260 2274 1373 2321 erga
1405 2267 1452 2307 te
1478 2259 1634 2306 studia
1669 2275 1838 2321 parum

267 2342 383 2390 mihi
419 2342 734 2398 adiunxerint‚
771 2356 846 2389 res
888 2340 1080 2402 publica
1121 2354 1212 2387 nos
1247 2341 1369 2387 inter
1404 2355 1497 2387 nos
1534 2341 1840 2387 conciliatura

268 2424 680 2484 coniuncturaque
706 2423 776 2470 sit.
853 2437 896 2482 3.
934 2420 1008 2468 Ac
1043 2436 1105 2468 ne
1141 2421 1348 2482 ignores,
1379 2420 1494 2483 quid
1529 2435 1623 2483 ego
1658 2421 1708 2467 in
1746 2422 1838 2468 tuis

266 2504 428 2552 litteris
452 2503 775 2562 desiderarim,
803 2503 1009 2551 scribam
1039 2511 1214 2564 aperte,
1244 2503 1364 2549 sicut
1396 2510 1444 2549 et
1466 2517 1575 2549 mea
1599 2509 1770 2550 natura
1792 2512 1838 2550 et

266 2594 430 2634 nostra
464 2583 672 2633 amicitia
706 2584 943 2648 postulat:
990 2599 1066 2632 res
1100 2599 1181 2631 eas
1216 2585 1360 2646 gessi,
1390 2599 1593 2647 quarum
1628 2585 1836 2647 aliquam

266 2669 315 2715 in
362 2668 454 2714 tuis
492 2666 656 2714 litteris
694 2673 743 2714 et
785 2674 980 2713 nostrae
1017 2666 1383 2713 necessitudinis
1422 2674 1469 2713 et
1508 2666 1575 2713 rei
1615 2667 1835 2728 publicae

266 2763 411 2795 causa
435 2747 802 2809 gratulationem
827 2747 1126 2809 exspectavi3
1160 2761 1306 2809 quam
1330 2761 1424 2809 ego
1451 2747 1537 2794 abs
1560 2755 1606 2794 te
1624 2756 1831 2809 praeter-
