2040 3048
298 109 394 158 142
744 108 806 146 M.
851 106 1048 146 TULLII
1085 106 1398 147 CICERONIS
1649 94 1758 164 [Pars
1784 107 1858 146 111.

291 239 340 283 tu
377 241 541 281 ‚autem
584 233 926 281 consolationis
968 234 1169 282 fortasse
1211 234 1390 296 aliquid
1429 232 1741 295 exspectasti:
1789 233 1860 279 ni-

289 312 353 358 hil
385 299 606 372 invenio,
655 314 768 361 nihil
819 315 917 361 fieri
966 322 1124 378 potest
1170 316 1403 372 miserius,
1452 313 1568 360 nihil
1614 313 1878 376 perditius,

290 394 405 441 nihil
452 394 658 443 foedius.
739 407 783 455 5.
833 395 982 455 Quod
1028 398 1228 458 quaeris,
1272 396 1388 459 quid
1445 394 1626 443 Caesar
1671 395 1734 443 ad
1779 410 1858 443 me

293 475 546 537 scripserit,
582 477 715 539 quod
758 492 918 540 saepe,
954 479 1278 539 gratissimum
1316 478 1402 526 sibi
1440 492 1545 525 esse
1580 477 1714 539 quod
1754 478 1858 540 qui-

291 557 429 615 erim,
447 565 647 619 oratque
683 558 732 605 in
770 573 830 606 eo
867 567 919 606 ut
954 574 1267 622 perseverem.
1338 558 1519 606 Balbus
1551 558 1709 605 minor
1739 558 1858 606 haec

291 639 461 686 eadem
485 640 697 688 mandat.
757 640 854 688 Iter
879 649 1039 688 autem
1065 642 1166 690 eius
1188 650 1287 690 erat
1312 642 1372 690 ad
1397 640 1658 689 Lentulum
1682 656 1857 689 consu-

291 720 385 767 lem
434 736 545 769 cum
587 721 751 770 litteris
794 720 1015 770 Caesaris
1056 724 1479 785 praemiorumque
1519 722 1783 785 promissis,
1820 723 1858 769 si

291 799 502 851 Romam
531 803 826 862 revertisset3
862 818 1041 860 verum,
1067 818 1177 851 cum
1210 803 1368 852 habeo
1397 805 1634 851 rationem
1658 803 1858 860 dierum,

288 892 399 931 ante
423 893 540 947 puto
565 886 906 944 tramissurum,
923 900 1070 947 quam
1095 886 1303 948 potuerit
1327 885 1584 934 conveniri.
1644 886 1688 933 6.
1715 884 1858 948 Epis-

291 965 495 1012 to'larum
521 965 741 1029 Pompeii
766 967 984 1025 duarum,
1010 982 1131 1029 quas
1155 967 1218 1015 ad
1239 982 1318 1015 me
1340 967 1483 1025 misit,
1503 967 1858 1030 neglegentiam

289 1062 547 1110 meamque
572 1048 622 1095 in
646 1048 958 1096 rescribendo
984 1048 1279 1110 diligentiam
1297 1048 1424 1096 volui
1443 1049 1527 1096 tibi
1546 1056 1715 1096 notam
1733 1063 1859 1097 esse:

289 1138 452 1178 earum
477 1130 699 1192 exempla
723 1130 785 1177 ad
808 1138 854 1177 te
879 1130 1000 1177 misi.
1074 1140 1116 1190 7.
1154 1129 1374 1177 Caesaris
1403 1129 1481 1177 hic
1513 1145 1599 1192 per
1629 1130 1858 1193 Apuliam

289 1212 350 1259 ad
396 1211 707 1259 Brundisium
754 1226 920 1259 cursus
968 1211 1084 1274 quid
1130 1211 1314 1271 efficiat,
1363 1220 1623 1275 exspecto:
1672 1212 1857 1259 utinam

289 1294 468 1356 aliquid
516 1293 666 1340 simile
703 1292 945 1340 Parthicis
993 1294 1166 1340 rebus!
1217 1293 1359 1340 simul
1405 1292 1585 1354 aliquid
1644 1293 1855 1352 audiero,

290 1375 494 1422 scribam
542 1375 603 1422 ad
651 1383 730 1422 te:
779 1383 831 1422 tu
872 1374 934 1422 ad
980 1390 1058 1421 me
1107 1374 1245 1421 velim
1293 1376 1535 1422 bonorum
1577 1389 1855 1434 sermones;

222 1513 227 1516 ,
289 1456 479 1504 Romae
521 1455 793 1518 frequentes
832 1471 938 1504 esse
982 1457 1216 1505 dicuntur.
1287 1455 1399 1504 Scio
1441 1456 1667 1518 equidem
1714 1464 1760 1503 te
1807 1458 1853 1504 in

288 1539 534 1602 publicum
560 1553 662 1587 non
696 1538 901 1601 prodire,
930 1539 1015 1586 sed
1039 1546 1201 1585 tamen
1227 1538 1390 1585 audire
1415 1546 1461 1585 te
1486 1538 1635 1585 multa
1658 1553 1858 1586 necesse

289 1629 372 1668 est.
444 1619 648 1668 Memini
680 1616 853 1668 librum
885 1621 970 1668 tibi
1004 1619 1176 1667 adferri
1209 1634 1237 1666 a
1265 1618 1513 1666 Demetrio
1539 1618 1772 1681 Magnete
1797 1622 1858 1668 ad

289 1711 333 1750 te
369 1702 570 1750 missum
606 1697 750 1768 [scio]
783 1703 880 1762 περὶ
914 1703 1121 1760 ὁμονοίας.
1189 1700 1317 1748 Eum
1353 1700 1469 1747 mihi
1505 1701 1646 1748 velim
1683 1701 1871 1750 mittas.-

288 1783 455 1843 Vides,
480 1799 624 1847 quam
651 1799 847 1832 causam
871 1784 1087 1831 mediter.

630 1919 707 1962 57.
779 1914 873 1962 AD
909 1913 1232 1962 ATTICUM
1269 1912 1411 1962 vm.
1451 1929 1524 1974 13.

475 2011 582 2060 Sex.
621 2010 661 2058 F
663 2025 823 2059 ORMns
860 2009 1113 2057 KALENms
1149 2008 1364 2056 MAR‘rns
1399 2022 1538 2057 A.U.c.
1573 2019 1684 2069 705.

816 2113 986 2147 CICERO
1022 2112 1198 2146 ATT1co
1233 2112 1332 2145 SAL.

367 2211 406 2243 1.
443 2194 770 2242 LIPPITUDJNIS
801 2207 939 2240 meae
973 2193 1163 2253 signum
1197 2191 1281 2238 tibi
1315 2192 1372 2238 sit
1399 2190 1572 2238 librarii
1603 2205 1775 2240 manus
1810 2202 1856 2240 et

295 2277 467 2325 eadem
500 2291 645 2323 causa
677 2275 928 2331 brevitatis,
955 2273 1043 2320 etsi
1067 2287 1198 2319 nunc
1223 2271 1419 2333 quidem
1443 2272 1575 2333 quod
1600 2273 1856 2320 scriberem

293 2358 408 2407 nihil
440 2366 560 2406 erat:
600 2358 758 2405 omnis
792 2355 1086 2418 exspectatio
1116 2362 1282 2401 nostra
1305 2361 1404 2400 erat
1427 2354 1476 2400 in
1499 2355 1677 2401 nuntiis
1701 2354 1856 2402 Brun-

295 2441 474 2489 disinis.
547 2439 596 2486 Si
620 2446 790 2486 nactus
815 2437 890 2484 hic
916 2444 1040 2483 esset
1065 2434 1290 2482 Gnaeum
1309 2442 1543 2494 nostrum,
1567 2450 1678 2497 spes
1693 2475 1698 2481 ,
1713 2436 1855 2484 dubia

294 2523 440 2584 pacis,
467 2521 541 2568 sin
576 2520 651 2567 ille
686 2527 796 2566 ante
832 2518 1126 2574 tramisisset,
1150 2517 1338 2563 exitiosi
1372 2517 1483 2563 belli
1503 2525 1690 2565 metus.
1759 2517 1855 2568 Sed

289 2604 503 2660 videsne,
537 2603 587 2654 in
622 2615 768 2664 quem
804 2600 1052 2646 hominem
1088 2599 1304 2646 inciderit
1338 2613 1414 2645 res
1448 2598 1673 2660 publica?
1709 2608 1854 2660 quam

293 2694 500 2742 acutum,
534 2698 681 2746 quam
717 2683 1004 2744 vigilantem,
1042 2695 1188 2743 quam
1223 2680 1475 2742 paratum?
1511 2680 1551 2728 si
1585 2679 1867 2732 mehercule.

291 2767 533 2815 neminem
575 2765 805 2813 occiderit
845 2778 935 2810 nec
969 2763 1189 2824 cuiquam
1223 2762 1482 2823 quicquam
1518 2761 1770 2820 ademerit,
1792 2762 1864 2809 abv
