2040 3048
194 138 263 188 Ep.
284 136 352 188 64,
380 125 473 192 65.]
567 134 756 174 EPIST.
792 134 875 174 AD
911 134 1187 173 ATTICUM
1221 124 1412 176 mm.
1674 134 1769 191 157

194 267 507 316 concordiam
536 282 622 330 per
647 274 693 315 te
719 281 867 330 quam
893 266 1460 315 accommodatissimum
1485 264 1770 313 conservari.

194 350 320 413 Eg0,
347 366 458 399 cum
483 358 624 397 antea
649 349 733 396 tibi
758 349 818 396 de
852 349 1062 396 Lentulo
1098 349 1275 411 gratias
1308 348 1535 410 egissem,
1562 346 1697 410 quod
1730 346 1772 393 ei

195 432 348 491 saluti,
385 431 466 494 qui
506 430 621 478 mihi
658 430 823 488 fuerat,
862 430 1047 489 fuisses,
1084 439 1248 479 tamen
1284 430 1419 478 lectis
1455 430 1557 477 eius
1592 428 1773 487 litteris,

194 528 314 575 quas
349 513 411 561 ad
445 528 524 560 me
559 512 832 575 gratissimo
871 513 1036 560 animo
1080 512 1140 560 de
1181 520 1264 560 tua
1305 511 1583 559 liberalitate
1624 511 1773 559 bene-

195 596 403 659 ficioque
434 595 576 654 misit,
602 595 810 643 eandem
842 610 922 642 me
955 595 1157 643 salutem
1190 610 1219 642 a
1251 603 1297 642 te
1331 594 1577 656 accepisse
1605 593 1781 656 putavi

194 693 340 741 quam
374 678 475 737 ille;
525 678 575 725 in
611 692 757 741 quem
793 677 833 724 si
869 693 947 724 me
983 676 1221 738 intellegis
1257 691 1363 723 esse
1399 684 1603 738 gratum,
1642 690 1771 732 cura,

194 760 413 818 obsecro,
437 767 490 806 ut
514 759 658 807 etiam
683 759 733 805 in
758 758 1048 820 Pompeium
1074 773 1179 805 esse
1206 758 1406 820 possim.

560 885 640 929 65.
711 880 804 927 AD
840 879 1167 928 ATTICUM
1204 879 1292 927 IX.
1331 895 1406 927 12.

197 975 303 1025 ScR.
331 991 382 1025 IN
418 976 678 1025 FORMIANo
707 993 752 1024 A.
780 992 825 1024 D.
851 992 931 1024 ΧΠ.
959 975 1228 1024 KALENDAS
1253 977 1467 1024 APRILES
1503 990 1640 1026 A.u.c.
1663 986 1775 1037 705.

721 1080 894 1114 memo
931 1080 1109 1114 A'r‘r1co
1145 1080 1247 1113 SAL.

269 1177 310 1209 1.
348 1161 588 1210 LEGERAM
629 1169 736 1209 tuas
778 1161 957 1209 litteras
999 1177 1097 1209 xm.
1139 1160 1218 1219 Κ.,
1253 1176 1365 1209 cum
1405 1160 1522 1208 mihi
1571 1159 1776 1223 epistola

197 1243 407 1292 adfertur
429 1258 459 1291 a
490 1242 658 1306 Lepta,
684 1243 1092 1291 circumvallatum
1125 1259 1232 1291 esse
1265 1243 1570 1306 Pompeium,
1596 1242 1779 1291 ratibus

198 1326 343 1373 etiam
378 1325 532 1372 exitus
570 1333 738 1388 portus
773 1325 956 1372 teneri:
995 1339 1097 1372 non
1131 1325 1322 1373 medius
1354 1325 1496 1373 fidius
1528 1340 1646 1388 prae
1682 1325 1779 1372 lac-

197 1408 329 1456 rimis
360 1422 564 1471 possum
597 1408 778 1470 reliqua
809 1423 902 1455 nec
934 1408 1148 1469 cogitare
1173 1423 1265 1456 nec
1291 1408 1514 1456 scribere.
1575 1407 1691 1456 Misi
1717 1408 1779 1456 ad

198 1497 244 1536 te
269 1489 560 1552 exemplum.
634 1488 844 1536 Miseros
870 1491 990 1537 nosl
1028 1504 1113 1536 cur
1137 1504 1240 1537 non
1264 1504 1439 1538 omnes
1471 1489 1623 1539 fatum
1655 1490 1779 1539 illius

198 1587 297 1619 una
327 1570 540 1618 exsecuti
574 1571 776 1618 sumus?
844 1569 975 1618 Ecce
1009 1578 1172 1618 autem
1205 1586 1233 1618 a
1269 1570 1426 1619 Matio
1462 1579 1511 1619 et
1544 1573 1780 1620 Trebatio

198 1652 384 1711 eadem,
410 1653 584 1716 quibus
618 1651 880 1700 Minturnis
915 1653 1044 1700 obvii
1082 1651 1304 1701 Caesaris
1341 1654 1586 1702 tabellarii.
1653 1654 1780 1702 Tor-

201 1749 351 1799 queor
389 1733 567 1791 infelix,
606 1742 658 1782 ut
694 1734 791 1781 iam
826 1733 960 1782 illum
996 1733 1283 1782 Mucianum
1319 1735 1499 1783 exitum
1538 1744 1780 1799 exoptem.

200 1817 267 1864 At
302 1831 449 1879 quam
484 1815 703 1874 honesta,
741 1824 789 1865 at
824 1831 972 1879 quam
1009 1816 1234 1879 expedita
1270 1825 1353 1864 tua
1387 1818 1601 1877 consilia,
1635 1834 1782 1882 quam

201 1899 422 1961 evigilata
445 1898 538 1946 tuis
563 1899 939 1961 cogitationibus
965 1914 1062 1962 qua
1095 1898 1288 1957 itineris,
1316 1914 1414 1962 qua
1447 1900 1781 1962 navigationis,

203 1995 300 2043 qua
334 1995 624 2042 congressus
660 1979 997 2042 sermonisque
1035 1995 1145 2028 cum
1183 1979 1419 2030 Caesare!
1463 1982 1630 2030 omnia
1671 1998 1783 2031 cum

202 2062 420 2120 honesta,
465 2070 568 2110 tum
615 2071 769 2111 cauta.
852 2061 911 2119 In
959 2061 1162 2125 Epirum
1211 2078 1325 2110 vero
1373 2063 1588 2112 invitatio
1637 2080 1784 2127 quam

204 2144 375 2203 suavis,
412 2158 559 2206 quam
593 2143 813 2202 liberalis,
851 2158 1000 2206 quam
1037 2144 1271 2192 fraterna!
1348 2162 1390 2193 2.
1432 2144 1509 2194 De
1545 2146 1784 2209 Dionysio

206 2243 312 2275 sum
345 2226 621 2284 admiratus,
647 2227 730 2288 qui
761 2227 892 2289 apud
924 2241 1003 2274 me
1036 2226 1315 2275 honoratior
1347 2227 1435 2275 fuit
1470 2243 1618 2291 quam
1654 2229 1782 2292 apud

208 2308 488 2370 Scipionem
543 2307 812 2366 Panaetius,
862 2323 891 2355 a
938 2322 1037 2371 quo
1085 2308 1408 2371 impurissime
1455 2308 1575 2357 haec
1623 2319 1786 2358 nostra

208 2389 400 2436 fortuna
434 2388 663 2451 despecta
700 2397 786 2438 est.
861 2388 958 2438 Odi
1000 2389 1253 2437 hominem
1294 2398 1341 2437 et
1382 2390 1563 2449 odero;
1600 2392 1784 2439 utinam

210 2469 372 2518 ulcisci
395 2472 619 2531 possem!
657 2471 743 2519 sed
766 2471 899 2519 illum
924 2471 1216 2519 ulciscentur
1239 2486 1401 2519 mores
1427 2472 1514 2520 sui.

281 2567 326 2613 3.
364 2550 459 2609 Tu,
486 2566 681 2614 quaes0,
707 2567 838 2601 nunc
862 2553 937 2601 vel
968 2553 1193 2612 maxime,
1219 2553 1335 2615 quid
1369 2554 1614 2618 agendum
1646 2556 1788 2604 nobis

213 2633 285 2690 sit,
334 2633 508 2694 cogita.
585 2633 758 2696 Populi
806 2635 1019 2683 Romani
1067 2635 1304 2683 exercitus
1361 2634 1450 2684 Cn.
1500 2636 1788 2700 Pompeium

215 2715 546 2774 circumsedet,
572 2714 706 2765 fossa
737 2725 784 2765 et
813 2718 938 2766 vallo
973 2726 1196 2781 saeptum
1230 2725 1374 2775 tenet,
1400 2717 1516 2781 fuga
1539 2719 1787 2782 prohibet:

216 2810 306 2844 nos
329 2795 530 2844 vivimus
555 2806 601 2844 et
625 2804 715 2845 stat
739 2799 852 2846 urbs
878 2800 993 2858 ista3
1021 2809 1269 2862 praetores
1294 2801 1367 2847 ius
1394 2799 1558 2848 dicunt
1573 2816 1584 2859 ;
1613 2801 1790 2850 aediles
