2040 3048
327 166 387 207 M.
422 165 618 205 TULLII
641 166 951 206 ozomoms
978 168 1069 206 ΕΡ.
1100 167 1182 206 AD
1204 168 1339 210 ATT.
1370 171 1446 207 xl.
1480 159 1528 208 6.
1627 169 1726 226 179

142 302 328 342 tantum
376 294 613 358 rescripsi,
661 309 691 343 a
738 293 912 357 quibus
972 310 1269 357 acceperam.
1356 295 1438 344 Tu
1486 295 1628 343 velim
1678 303 1726 343 et

141 376 303 425 Basilo
340 384 391 424 et
422 377 595 439 quibus
633 384 880 439 praeterea
911 377 1159 436 videbitur,
1185 378 1330 426 etiam
1369 377 1569 426 Servilio
1607 392 1724 426 con-

140 459 338 518 scribas,
357 467 408 507 ut
431 459 516 507 tibi
540 458 790 517 videbitur,
815 473 927 507 meo
953 460 1166 508 nomine.
1240 459 1390 520 Quod
1415 469 1550 508 tanto
1576 460 1722 509 inter-

137 542 260 590 vallo
303 541 418 589 nihil
464 542 667 589 omnino
710 541 773 589 ad
814 556 901 589 vos
944 542 1127 605 scripsi,
1170 542 1245 591 his
1288 543 1454 591 litteris
1495 543 1718 607 profecto

137 621 389 684 intelleges
421 635 524 668 rem
557 619 674 667 mihi
700 620 885 679 deesse,
911 621 972 668 de
998 636 1094 684 qua
1127 623 1351 682 scribam,
1377 638 1478 671 non
1502 623 1720 670 volunta-

136 712 248 751 tem.
321 720 367 764 4.
411 703 562 762 Quod
604 702 665 751 de
703 702 900 751 Vatinio
944 704 1150 766 quaeris,
1193 719 1352 768 neque
1394 704 1516 753 illius
1559 721 1719 769 neque

137 787 423 850 cuiusquam
470 785 588 833 mihi
629 794 878 849 praeterea
924 785 1136 833 officium
1185 786 1387 845 deesset,
1427 787 1467 835 si
1511 787 1718 850 reperire

136 876 351 931 possent,
378 883 474 932 qua
509 868 559 916 in
595 883 645 916 re
681 883 762 916 me
795 868 1024 916 iuvarent.
1099 867 1310 927 Quintus
1347 870 1651 918 aversissimo
1688 885 1718 917 a

134 965 213 998 me
247 951 410 998 animo
438 951 591 999 Patris
624 950 738 1010 fuit3
776 950 951 999 eodem
986 949 1200 1014 Corcyra
1232 952 1355 1000 filius
1378 952 1522 1001 venit.
1592 951 1715 1001 Inde

131 1033 375 1095 profectos
400 1048 486 1081 eos
509 1049 607 1081 una
632 1049 744 1081 cum
771 1035 940 1082 ceteris
966 1035 1182 1083 arbitror.

517 1168 594 1214 80.
665 1166 764 1214 AD
800 1166 1130 1239 ATTICUM*
1162 1167 1248 1215 XI.
1288 1169 1344 1238 6,

132 1261 240 1311 ScR.
268 1262 522 1312 Bnmvmsn
558 1279 603 1311 A.
628 1279 675 1311 D.
714 1278 777 1311 1v.
804 1262 1072 1312 KALENDAS
1098 1263 1392 1313 DECEMBRES
1428 1281 1568 1316 A.U.c.
1598 1268 1710 1328 706.

539 1401 542 1403 .
570 1367 742 1401 c1CERo
777 1367 954 1401 ATTICO
988 1367 1089 1400 SAL.
1129 1368 1273 1402 D1c1T.

202 1464 241 1495 1.
278 1448 579 1498 Sonmcrrum
603 1463 709 1497 esse
733 1456 779 1496 te
805 1463 917 1496 cum
942 1448 1003 1496 de
1028 1449 1121 1497 tuis
1147 1450 1587 1514 communibusque
1612 1452 1709 1500 for-

126 1531 268 1588 tunis,
295 1539 398 1578 tum
422 1531 633 1578 maxime
666 1531 727 1578 de
759 1545 838 1578 me
871 1546 929 1578 ac
962 1532 1022 1579 de
1057 1531 1224 1580 dolore
1257 1547 1370 1580 meo
1397 1534 1554 1582 sentio
1571 1550 1585 1594 ;
1619 1536 1705 1598 qui

126 1614 323 1677 quidem
348 1629 485 1661 meus
511 1613 653 1662 dolor
677 1628 777 1661 non
803 1614 955 1661 modo
982 1629 1083 1662 non
1109 1615 1352 1674 minuitur,
1380 1631 1492 1664 cum
1518 1619 1706 1667 socium

126 1696 215 1743 sibi
239 1696 457 1758 adiungit
482 1696 702 1743 dolorem
726 1703 878 1755 tuum,
905 1696 992 1744 sed
1025 1697 1169 1744 etiam
1195 1705 1409 1759 augetur.
1485 1698 1705 1749 Omnino

124 1792 214 1840 pro
239 1785 320 1825 tua
349 1778 603 1839 prudentia
636 1778 798 1836 sentiS‚
823 1793 921 1840 qua
954 1779 1288 1827 consolatione
1313 1779 1457 1828 levari
1490 1782 1702 1831 maxime

124 1860 336 1924 possim3
388 1860 569 1922 probas
612 1860 742 1906 enim
784 1874 948 1907 meum
991 1861 1246 1908 consilium
1289 1876 1538 1925 negasque
1586 1864 1703 1912 mihi

123 1939 382 2001 quicquam
415 1937 495 1985 tali
533 1945 752 2000 tempore
791 1939 950 2000 potius
992 1938 1269 1987 faciendum
1311 1939 1472 1989 fuisse.
1544 1941 1701 1991 Addis

123 2020 470 2084 etiam—quod
507 2021 595 2069 etsi
631 2020 748 2068 mihi
784 2020 932 2070 levius
971 2030 1043 2070 est
1084 2037 1231 2085 quam
1275 2031 1411 2071 tuum
1452 2024 1698 2084 iudicium,

120 2111 284 2151 tamen
319 2106 432 2151 non*
457 2111 529 2151 est
564 2103 906 2151 leve—ceteris
941 2119 1152 2167 quoque,
1192 2105 1241 2152 id
1279 2113 1366 2165 est,
1393 2108 1474 2170 qui
1504 2109 1698 2169 pondus

119 2185 345 2243 habeant,
388 2185 570 2233 factum
616 2192 838 2233 nostrum
883 2186 1092 2249 probari.
1163 2187 1222 2235 Id
1270 2188 1309 2235 si
1351 2188 1417 2236 ita
1457 2198 1693 2252 putarem,

117 2266 265 2315 levius
290 2266 517 2315 dolerem.
590 2266 805 2316 ‘Crede’
843 2267 1001 2330 inquis
1040 2268 1214 2316 ‘mihi.’
1290 2286 1331 2318 2.
1370 2269 1532 2320 Credo
1558 2274 1692 2336 equi-

119 2348 245 2407 dem,
271 2348 357 2397 sed
389 2349 505 2408 scio,
531 2363 679 2412 quam
712 2349 880 2411 cupias
913 2350 1065 2398 minui
1100 2350 1319 2399 dolorem
1357 2367 1533 2401 meum.
1608 2354 1694 2403 Me

117 2430 391 2479 discessisse
435 2431 496 2478 ab
534 2431 677 2479 armis
715 2445 983 2494 numquam
1022 2434 1284 2495 paenituit:
1329 2441 1462 2483 tanta
1502 2444 1604 2484 erat
1641 2437 1692 2484 in

115 2513 202 2560 illis
227 2511 493 2571 crudelitas,
516 2520 649 2561 tanta
682 2528 792 2562 cum
818 2514 1032 2562 barbaris
1062 2515 1287 2576 gentibus
1319 2517 1612 2577 coniunctiO,
1637 2526 1690 2567 ut

113 2609 215 2642 non
239 2594 538 2654 nominatim,
559 2595 645 2644 sed
668 2596 933 2657 generatim
955 2597 1243 2659 proscriptio
1269 2606 1395 2647 esset
1415 2599 1686 2658 informata,

110 2687 161 2726 ut
197 2679 293 2726 iarn
330 2679 548 2726 omniurn
584 2678 760 2727 iudicio
803 2679 1117 2727 constitutum
1160 2688 1287 2729 esset
1323 2683 1543 2730 omnium
1579 2699 1683 2732 ves-

108 2766 233 2808 trum
281 2762 412 2809 bona
458 2761 687 2824 praedam
743 2776 849 2809 esse
897 2761 1020 2810 illius
1070 2762 1307 2812 victoriae.
1397 2762 1686 2816 ‘Vestrum'

106 2840 248 2904 plane
281 2840 391 2891 dico
408 2856 422 2902 3
459 2855 727 2906 numquam
759 2842 890 2890 enim
924 2843 985 2890 de
1018 2851 1063 2891 te
1089 2844 1195 2907 ipso
1226 2846 1316 2894 nisi
1351 2847 1681 2901 crudelissime

843 2934 880 2973 N
911 2935 936 2969 2
