2040 3048
326 74 427 142 278
780 85 841 123 M.
888 84 1088 123 TULLII
1123 85 1436 123 CICERONIS
1709 74 1819 143 [Pars
1845 87 1896 126 V.
2018 0 2040 127 l

323 218 415 265 nisi
461 215 734 279 spoliatum,
777 215 1024 272 inermem,
1069 215 1333 277 fugientem
1382 215 1596 280 Lepidus
1642 217 1901 278 recepisset

323 299 591 346 Antonium
605 313 617 355 ;
656 298 817 360 itaque
841 311 1110 360 numquam
1134 304 1270 344 tanto
1303 297 1419 345 odio
1457 298 1632 346 civitati
1656 298 1900 347 Antonius

324 379 424 439 fuit,
449 387 632 442 quanto
667 386 740 427 est
763 378 1004 442 Lepidus:
1043 378 1117 426 ille
1147 378 1278 426 enim
1310 394 1372 427 ex
1404 379 1677 428 turbulenta
1704 395 1754 428 re
1779 383 1901 443 pub·

323 460 426 518 lica,
475 460 553 509 hic
600 476 660 508 ex
708 476 830 524 pace
878 469 926 509 et
972 460 1171 509 victoria
1223 459 1405 508 bellum
1461 461 1696 511 excitavit.
1768 461 1901 511 Huic

323 542 576 605 oppositos
625 542 849 591 consules
897 542 1175 606 designatos
1216 541 1464 602 habemuS,
1507 544 1558 590 in
1606 543 1780 607 quibus
1829 552 1902 591 est

323 638 503 685 magna
525 623 605 671 illa
629 624 827 687 quidem
852 639 979 688 speS‚
1005 625 1093 674 sed
1116 639 1297 688 anceps
1332 640 1447 673 cura
1468 634 1667 688 propter
1690 626 1900 674 incertos

324 706 479 754 exitus
517 706 824 769 proeliorum.
897 722 941 766 4.
985 706 1228 756 Persuade
1268 708 1353 754 tibi
1390 707 1548 770 igitur,
1586 708 1637 754 in
1677 716 1725 755 te
1766 715 1814 756 et
1850 707 1900 754 in

323 787 473 836 Bruto
514 795 599 836 tuo
642 803 749 836 esse
786 789 966 847 omnia,
1006 803 1093 838 vos
1133 790 1416 852 exspectari,
1459 789 1662 837 Brutum
1704 788 1900 852 quidem

322 869 419 917 iam
455 870 660 933 iamque.
735 870 887 930 Quod
920 870 973 930 si,
1009 878 1063 919 ut
1097 885 1254 933 spero,
1289 870 1427 919 victis
1463 870 1684 919 hostibus
1725 870 1900 918 nostris

324 951 559 1009 veneritiS,
586 960 750 1000 tamen
780 953 1060 1001 auctoritate
1083 960 1240 1000 vestra
1271 967 1347 1000 res
1371 953 1563 1016 publica
1594 961 1821 1015 exsurget
1854 961 1901 1000 et

325 1033 375 1080 in
411 1033 573 1096 aliquo
610 1042 735 1082 statu
770 1034 1003 1083 tolerabili
1039 1035 1296 1094 consistet;
1339 1042 1452 1083 sunt
1485 1035 1616 1083 enim
1650 1035 1898 1098 permulta,

324 1115 501 1179 quibus
541 1116 629 1163 erit
668 1116 980 1175 medendum,
1020 1117 1164 1165 etiam
1206 1117 1246 1164 si
1287 1131 1364 1164 res
1404 1116 1598 1180 publica
1640 1117 1753 1165 satis
1794 1132 1901 1166 esse

326 1197 560 1245 videbitur
584 1198 843 1247 sceleribus
868 1199 1082 1247 hostium
1107 1199 1317 1248 liberata.
1387 1198 1524 1248 Vale.

647 1325 754 1370 148.
828 1323 924 1371 AD
960 1323 1381 1372 FAMILIARES
1417 1324 1478 1373 X.
1508 1339 1583 1383 24.

511 1417 618 1466 ScR.
644 1435 695 1467 IN
728 1435 919 1469 CAsans
953 1435 999 1468 v.
1024 1419 1154 1469 ΚΑΙ..
1180 1420 1417 1469 SEx'nLEs
1441 1436 1575 1471 A.U.e.
1607 1432 1719 1481 711.

596 1522 807 1556 PLANCUS
842 1523 939 1556 IMP.
964 1522 1062 1558 cos.
1086 1523 1238 1557 DESIG.
1263 1523 1300 1556 s.
1324 1523 1373 1557 D.
1398 1523 1636 1557 crcERom.

402 1618 441 1649 1.
479 1601 675 1651 FACERE
706 1618 807 1650 non
838 1617 1054 1665 possum,
1079 1605 1197 1667 quin
1229 1604 1278 1651 in
1303 1605 1516 1667 singulas
1539 1619 1616 1652 res
1640 1605 1903 1668 meritaque

329 1691 409 1730 tua
434 1683 518 1731 tibi
542 1684 720 1747 gratias
745 1700 902 1747 agam,
930 1685 1015 1733 sed
1047 1686 1347 1734 mehercules
1380 1686 1505 1735 facio
1538 1701 1651 1735 cum
1683 1687 1868 1749 pudore
1888 1703 1902 1746 3

327 1780 487 1828 neque
529 1767 659 1814 enim
693 1774 826 1815 tanta
860 1767 1179 1826 necessitudo,
1217 1776 1450 1832 quantam
1491 1777 1544 1816 tu
1584 1768 1702 1816 mihi
1741 1776 1902 1817 tecum

329 1862 435 1895 esse
460 1847 662 1906 voluisti,
685 1847 955 1897 desiderare
981 1849 1165 1898 videtur
1189 1851 1448 1912 gratiarum
1473 1851 1727 1911 actionem,
1744 1866 1902 1915 neque

328 1944 422 1991 ego
455 1928 655 1978 libenter
683 1945 772 1993 pro
804 1931 1028 1979 maximis
1061 1932 1153 1980 tuis
1186 1933 1433 1981 beneficiis
1465 1941 1564 1981 tam
1595 1932 1672 1980 vili
1703 1948 1902 1981 munere

329 2011 571 2074 defungor
605 2012 851 2071 orationis,
885 2020 933 2060 et
966 2013 1096 2061 malo
1130 2028 1361 2076 praesens
1396 2014 1715 2073 observantia,
1749 2015 1902 2063 indul-

328 2094 506 2156 gentia,
540 2093 825 2141 adsiduitate
858 2109 1128 2142 memorem
1159 2111 1239 2143 me
1271 2096 1355 2144 tibi
1387 2097 1607 2158 probare.
1681 2096 1829 2156 Quod
1862 2100 1902 2146 si

328 2174 446 2223 mihi
474 2175 569 2222 vita
605 2175 874 2237 contigerit,
907 2189 1081 2224 omnes
1116 2185 1276 2238 gratas
1313 2178 1543 2226 amicitias
1578 2187 1722 2241 atque
1758 2180 1901 2228 etiam

329 2258 435 2320 pias
471 2257 851 2319 propinquitates
876 2258 911 2316 †
934 2257 984 2304 in
1019 2266 1102 2306 tua
1135 2259 1452 2317 observantia,
1478 2259 1790 2322 indulgentia,
1817 2263 1901 2311 ad-

331 2340 550 2387 siduitate
585 2339 804 2398 vincam;
854 2353 991 2386 amor
1031 2340 1161 2387 enim
1202 2348 1312 2388 tuus
1353 2356 1411 2388 ac
1451 2341 1680 2390 iudicium
1722 2343 1782 2391 de
1823 2360 1900 2393 me

331 2431 490 2471 utrum
531 2420 649 2468 mihi
689 2420 798 2483 plus
841 2421 1083 2483 dignitatis
1124 2422 1172 2469 in
1214 2431 1502 2484 perpetuum
1543 2439 1606 2471 an
1646 2425 1901 2488 voluptatis

332 2502 547 2567 quotidie
573 2503 632 2550 sit
656 2502 912 2560 adlaturus,
938 2517 1040 2550 non
1065 2502 1201 2551 facile
1227 2503 1444 2553 dixerim.
1519 2521 1560 2553 2.
1596 2504 1674 2553 De
1698 2508 1900 2557 militum

332 2583 603 2634 commodis
628 2583 713 2631 fuit
744 2584 829 2631 tibi
862 2600 1003 2633 curae
1019 2601 1033 2645 ς
1071 2601 1195 2648 quos
1225 2601 1319 2648 ego
1353 2601 1454 2634 non
1487 2588 1732 2649 potentiae
1764 2605 1901 2640 meae

333 2664 663 2715 causa—nihil
709 2666 836 2712 enim
885 2681 964 2713 me
1011 2682 1112 2714 non
1160 2667 1425 2715 salutariter
1472 2669 1683 2730 cogitare
1733 2670 1902 2719 scio—

332 2747 491 2798 ornari
515 2746 642 2794 volui
668 2761 697 2794 a
721 2755 903 2805 senatu,
931 2747 1017 2795 sed
1040 2748 1261 2810 primum,
1290 2748 1423 2811 quod
1455 2749 1519 2796 ita
1552 2751 1749 2799 meritos
1782 2752 1898 2800 iudi-
