2040 3048
283 116 382 171 132
744 113 807 152 Μ.
852 112 1046 151 TULLII
1083 113 1398 153 CICERONIS
1636 106 1752 172 [Pars
1778 115 1852 154 111.

277 253 619 293 convenerunt.
695 261 738 293 2.
776 243 889 304 Qua
912 261 963 292 re
989 245 1051 293 da
1074 259 1287 308 operam,
1314 246 1353 295 si
1376 246 1472 294 ulla
1498 246 1683 295 ratione
1706 248 1850 295 etiam

277 340 406 374 nunc
447 325 633 374 efficere
674 334 829 388 poteS,
869 334 921 374 ut
963 334 1010 376 te
1049 326 1275 389 expliceS‚
1319 326 1413 376 huc
1454 343 1601 390 quam
1643 329 1852 390 primum

277 407 454 466 venias,
481 416 591 455 ante
623 422 770 470 quam
807 423 980 456 omnes
1015 409 1185 472 copiae
1220 409 1288 457 ad
1317 409 1641 458 adversarium
1676 425 1852 458 conve-

279 489 441 548 niant;
493 504 651 551 neque
691 490 821 537 enim
860 490 1074 539 celeriter
1109 506 1170 539 ex
1209 491 1457 539 dilectibus
1494 491 1588 539 huc
1629 491 1853 540 homines

278 571 530 618 convenire
566 580 785 633 possunt,
823 580 884 630 et,
924 573 964 620 si
999 574 1322 632 convenirent,
1357 582 1592 635 quantum
1627 574 1684 621 iis
1720 588 1853 621 com-

278 651 563 700 mittendum
603 653 675 711 sit,
713 654 795 715 qui
834 654 956 701 inter
991 669 1043 702 se
1079 669 1141 701 ne
1177 655 1279 702 noti
1314 655 1489 716 quidem
1526 664 1650 714 sunt,
1688 663 1855 703 contra

276 742 524 782 veteranas
547 733 765 796 legiones
790 749 891 783 non
914 742 962 783 te
985 735 1222 797 praeterit.

572 868 651 914 52.
721 864 817 912 AD
853 865 1275 914 FAMILIARES
1312 865 1448 915 XVI.
1491 881 1566 916 12.

426 958 535 1008 SCR.
574 958 775 1008 CAPUAE
810 976 874 1008 Ν.
911 959 1040 1008 KAL.
1078 960 1387 1009 FEBRUARIAS
1422 977 1559 1011 A.1J.C.
1599 973 1710 1023 705.

715 1063 923 1098 TULLms
956 1063 994 1098 s,
1029 1065 1076 1098 n.
1113 1065 1280 1098 TIRONI
1317 1065 1421 1099 suo.

351 1159 391 1192 1.
428 1143 543 1203 Quo
579 1144 629 1191 in
665 1143 939 1192 discrimine
973 1153 1186 1192 versetur
1222 1146 1350 1194 salus
1386 1162 1496 1195 mea
1531 1156 1579 1196 et
1612 1148 1853 1196 bonorum

278 1227 496 1273 omnium
529 1234 672 1289 atque
706 1227 956 1275 universae
991 1227 1057 1275 rei
1090 1228 1321 1289 publicae,
1348 1244 1409 1276 ex
1445 1244 1505 1277 eo
1541 1230 1661 1278 scire
1696 1239 1849 1292 potes,

277 1308 409 1369 quod
435 1308 611 1355 domos
634 1316 824 1356 nostras
857 1317 903 1356 et
932 1309 1136 1370 patriam
1159 1310 1316 1372 ipsam
1339 1310 1413 1357 vel
1439 1311 1755 1373 diripiendam
1781 1312 1854 1359 vel

278 1389 676 1437 inflammandam
724 1390 1034 1454 reliquimus:
1090 1392 1140 1439 in
1181 1407 1292 1439 eum
1333 1393 1495 1440 locum
1534 1409 1610 1441 res
1649 1393 1855 1442 deducta

279 1479 363 1526 est,
388 1479 454 1530 ut,
479 1471 570 1519 nisi
594 1472 676 1534 qui
701 1471 819 1520 deus
844 1473 918 1520 vel
939 1488 1080 1521 casus
1111 1473 1255 1536 aliqui
1291 1473 1576 1532 subvenerit,
1603 1475 1717 1523 salvi
1747 1491 1853 1523 esse

279 1567 591 1614 nequeamus.
665 1569 707 1601 2.
744 1553 1002 1616 Equidem,
1030 1563 1084 1603 ut
1116 1556 1223 1603 veni
1257 1556 1320 1602 ad
1350 1556 1534 1614 urbem,
1560 1571 1661 1604 non
1698 1558 1853 1610 destiti

279 1635 444 1682 omnia
468 1642 516 1682 et
540 1635 712 1683 sentire
739 1643 786 1682 et
815 1635 973 1683 dicere
1007 1645 1054 1683 et
1089 1636 1261 1695 facere,
1287 1651 1410 1699 quae
1445 1637 1507 1684 ad
1543 1640 1855 1687 concordiam

282 1717 572 1778 pertinerent
592 1732 607 1775 3
646 1716 732 1764 sed
757 1717 905 1764 mirus
931 1718 1168 1765 invaserat
1192 1717 1324 1766 furor
1347 1733 1449 1765 non
1484 1719 1641 1766 solum
1675 1721 1855 1783 impro-

283 1797 368 1855 bis,
396 1797 483 1844 sed
507 1798 652 1844 etiam
677 1797 732 1845 iis
758 1798 840 1860 qui
868 1799 986 1846 boni
1011 1797 1245 1846 habentur
1274 1807 1326 1846 ut
1358 1814 1576 1862 pugnare
1609 1812 1855 1863 cuperent,

282 1893 360 1925 me
385 1878 622 1926 clamante
646 1878 763 1926 nihil
787 1894 894 1927 esse
928 1879 1054 1927 bello
1088 1880 1210 1928 civili
1243 1881 1475 1928 miserius.
1548 1881 1718 1944 Itaque
1744 1899 1855 1931 cum

283 1959 464 2008 Caesar
511 1960 720 2007 amentia
767 1960 978 2022 quadam
1023 1970 1267 2023 raperetur
1314 1970 1360 2009 et
1418 1963 1594 2011 oblitus
1645 1966 1855 2014 nominis

283 2050 424 2103 atque
460 2040 702 2088 honorum
738 2057 937 2090 suorum
971 2042 1256 2101 Ariminum,
1292 2043 1556 2102 Pisaurum,
1582 2046 1854 2106 Anconam,

283 2122 524 2169 Arretium
560 2124 904 2185 occupavisset,
937 2124 1106 2171 urbem
1142 2125 1418 2186 reliquimus
1433 2142 1447 2184 3
1484 2141 1631 2188 quam
1668 2129 1856 2190 sapien-

282 2213 352 2252 ter
378 2212 459 2251 aut
484 2219 631 2266 quam
655 2204 850 2263 fortiter,
884 2204 1000 2252 nihil
1036 2205 1202 2253 attinet
1236 2206 1466 2268 disputari
1487 2222 1500 2264 ;
1535 2223 1634 2270 quo
1658 2210 1855 2270 quidem

282 2286 331 2333 in
361 2300 476 2333 casu
509 2287 674 2345 simus,
701 2286 848 2334 vides,
922 2303 965 2349 3.
1038 2286 1275 2335 Feruntur
1309 2288 1510 2336 omnino
1543 2290 1856 2342 condiciones

281 2367 343 2415 ab
366 2367 460 2425 illo,
484 2375 538 2416 ut
562 2366 825 2430 Pompeius
858 2376 936 2416 eat
960 2369 1009 2415 in
1034 2368 1324 2431 Hispaniam
1342 2385 1355 2429 ;
1393 2369 1607 2428 dilectus,
1635 2374 1713 2434 qui
1747 2360 1857 2422 sunt

280 2449 443 2506 habiti,
491 2457 539 2496 et
585 2450 827 2512 praesidia
878 2458 1043 2499 nostra
1102 2451 1426 2511 dimittantur;
1486 2467 1537 2500 se
1584 2454 1854 2502 ulteriorem

282 2529 489 2578 Galliam
546 2530 777 2590 Domitio,
833 2532 1099 2580 citeriorem
1158 2532 1393 2581 Considio
1454 2533 1683 2583 Noniano
1701 2536 1856 2583 —his

283 2612 414 2659 enim
449 2612 1085 2674 obtigerunt—traditurum
1099 2630 1112 2672 ;
1166 2614 1228 2662 ad
1264 2615 1538 2664 consulatus
1575 2618 1855 2678 petitionem

283 2709 335 2741 se
369 2703 637 2753 venturum,
662 2709 819 2756 neque
844 2710 895 2742 se
929 2695 1024 2742 iam
1048 2695 1165 2742 velle
1197 2696 1396 2744 absente
1429 2712 1481 2744 se
1514 2698 1747 2746 rationem
1771 2699 1854 2746 ha-

282 2775 382 2822 beri
417 2789 581 2834 suam;
636 2791 688 2824 se
726 2784 1030 2838 praesentem
1063 2776 1238 2824 trinum
1275 2777 1544 2825 nundinum
1583 2779 1853 2841 petiturum.
