2040 3048
167 115 238 166 Ep.
264 126 334 167 44,
361 101 453 174 45·]
530 114 716 155 EPIST.
757 114 839 154 AD
875 116 1150 156 ATTJCUM
1194 119 1293 157 VII.
1334 124 1384 174 9.
1648 119 1743 171 123

165 239 390 289 habenda
414 257 440 290 e
465 241 570 303 lege
596 241 729 289 ratio.
804 252 846 303 ¹7.
874 245 885 266 ‘
901 241 1176 305 Depugna'
1201 241 1360 306 inquis
1387 245 1399 267 ‘
1415 242 1574 304 potius
1600 257 1746 304 quarn

166 321 370 371 servias!
440 321 508 370 Ut
533 323 683 385 quid?
722 322 760 370 si
797 323 948 371 victus
982 325 1086 382 eris,
1116 325 1451 387 proscribare?
1488 324 1527 371 si
1563 324 1744 380 viceris,

165 409 327 450 tamen
365 402 572 450 servias?
612 410 623 427 ‘
645 399 777 460 Quid
814 401 960 464 ergo'
998 403 1158 466 inquis
1197 406 1422 451 ‘acturus
1458 402 1572 451 es?'
1615 401 1745 449 idem

165 484 298 547 quod
323 483 548 547 pecudes,
575 499 698 547 quae
725 483 965 546 dispulsae
1000 486 1072 534 sui
1109 486 1300 549 generis
1337 493 1602 548 sequuntur
1637 500 1744 547 gre-

163 581 250 628 ges
270 581 280 614 :
311 574 363 614 ut
386 567 477 614 bos
501 574 732 625 armenta,
759 566 826 614 sic
846 582 941 630 ego
960 568 1121 616 bonos
1141 568 1270 616 viros
1290 574 1372 615 aut
1397 582 1498 627 eos,
1525 568 1743 630 quicum-

163 662 259 709 que
279 647 493 696 dicentur
510 648 641 707 boni,
659 663 846 712 sequar,
867 648 1010 696 etiam
1032 650 1071 697 si
1087 656 1237 698 ruent.
1279 648 1413 708 Quid
1431 649 1490 696 sit
1506 650 1743 711 optimum

162 726 288 774 male
321 727 580 775 contractis
615 726 759 775 rebus
795 726 939 789 plane
967 727 1136 775 video:
1174 727 1356 775 nemini
1409 735 1483 775 est
1507 727 1636 774 enim
1662 743 1746 775 ex-

160 805 415 868 ploratum,
442 820 554 854 cum
586 805 649 854 ad
682 821 815 854 arma
851 814 1048 854 ventum
1085 814 1171 866 est,
1197 806 1314 869 quid
1349 805 1561 853 futurum
1598 807 1671 864 sit,
1697 815 1745 855 at

161 887 276 935 illud
299 888 541 948 omnibuS‚
567 888 607 936 si
641 888 758 936 boni
792 889 902 936 victi
938 890 1046 944 sint.
1073 904 1164 937 nec
1199 889 1250 936 in
1286 888 1437 936 caede
1471 888 1744 951 principum

161 970 521 1018 clementiorem
554 970 683 1019 hunc
715 970 833 1030 fore,
858 985 1007 1034 quarn
1031 970 1191 1020 Cinna
1222 969 1375 1027 fuerit,
1402 984 1495 1018 nec
1518 970 1744 1019 modera-

160 1053 332 1101 tiorem
379 1067 526 1115 quam
571 1052 702 1101 Sulla
748 1053 798 1100 in
845 1053 1064 1116 pecuniis
1110 1052 1440 1115 locupletium.
1526 1057 1740 1113 Συμπολι-

160 1133 337 1195 τεύομαί
356 1155 427 1181 σοι
451 1135 548 1182 iam
573 1135 771 1194 dudum,
798 1143 845 1183 et
876 1135 1087 1184 facerem
1113 1135 1304 1193 diutius,
1330 1134 1423 1182 nisi
1446 1149 1525 1182 me
1549 1134 1745 1184 lucerna

162 1216 415 1266 desereret.
486 1218 565 1266 Ad
590 1233 845 1276 summam,
874 1226 886 1245 ‘
905 1234 984 1268 mc
1018 1217 1087 1266 M.
1115 1216 1307 1266 TVLL1.'
1335 1221 1346 1242 ‘
1363 1217 1628 1265 Adsentior
1652 1217 1742 1266 Cn.

162 1295 426 1359 Pompeio,'
450 1295 500 1345 id
535 1305 607 1345 est
646 1296 707 1345 T.
732 1297 1020 1361 Pomponio.
1098 1297 1302 1353 Alexim,
1340 1295 1744 1344 humanissimum

161 1394 379 1442 puerum,
426 1380 516 1426 nisi
563 1379 698 1438 forte,
743 1379 859 1427 dum
907 1394 1001 1441 ego
1037 1381 1223 1438 absum,
1261 1379 1548 1427 adulescens
1589 1379 1744 1428 factus

161 1461 352 1509 est—id
376 1461 507 1510 enim
532 1476 674 1524 agere
699 1462 1028 1522 videbatur—,
1054 1463 1235 1512 salvere
1259 1462 1425 1510 iubeas
1450 1461 1602 1509 velim.

525 1612 604 1655 45.
674 1607 772 1656 AD
809 1607 1133 1657 ATTICUM
1169 1608 1284 1655 vn.
1326 1624 1369 1670 9.

164 1704 273 1754 SCR.
309 1720 361 1754 m
395 1703 656 1753 FORMIANO
698 1719 923 1753 EXEUNTE
958 1720 1116 1754 MENSE
1152 1704 1414 1755 DECEMBRI
1449 1719 1589 1754 A.u.0.
1630 1715 1742 1766 704.

695 1809 866 1844 CICERO
901 1808 1078 1844 ATT1co
1114 1810 1217 1844 SAL.

237 1906 276 1939 1.
331 1889 702 1950 ‘QuonmENE’
762 1891 922 1953 inqu'is
982 1894 1040 1939 ‘a
1098 1899 1144 1939 te
1205 1891 1516 1954 accipiendae
1561 1891 1743 1939 litterae

164 1970 335 2021 sunt?'
372 1973 411 2020 si
434 1972 640 2031 habebo,
667 1973 743 2021 cui
769 1973 895 2031 dem,
922 1974 1152 2036 quotidie.
1222 1978 1233 1999 ‘
1249 1975 1317 2022 At
1340 1974 1438 2022 iam
1462 1974 1568 2038 ipse
1594 1973 1741 2022 ades!

163 2056 295 2103 Tum
322 2054 475 2118 igitur,
502 2070 614 2103 curn
638 2070 830 2114 venero,
858 2056 1091 2105 desinam.
1162 2055 1302 2105 Unas
1326 2057 1468 2105 video
1501 2055 1617 2103 mihi
1643 2072 1672 2104 a
1698 2064 1743 2104 te

162 2152 264 2185 non
288 2152 396 2186 esse
421 2137 643 2195 redditas,
669 2152 790 2199 quas
816 2137 871 2187 L.
889 2137 1160 2198 QuinctiuS‚
1182 2138 1425 2187 familiaris
1451 2154 1605 2198 meuS‚
1631 2153 1740 2186 cum

162 2219 318 2279 ferret,
355 2219 418 2267 ad
452 2219 649 2267 bustum
685 2218 831 2268 Basili
867 2220 1143 2269 volneratus
1178 2229 1225 2269 et
1267 2221 1500 2284 spoliatus
1537 2229 1622 2270 est.
1700 2237 1740 2269 2.

162 2301 363 2350 Videbis
386 2302 542 2364 igitur,
568 2317 685 2348 num
711 2301 827 2364 quid
852 2302 991 2350 fuerit
1016 2303 1066 2351 in
1092 2303 1161 2361 iis,
1189 2303 1324 2366 quod
1356 2318 1436 2351 me
1462 2303 1583 2351 scire
1617 2319 1741 2365 opus

163 2384 235 2442 sit,
257 2392 304 2431 et
328 2383 469 2432 Simul
492 2382 588 2431 hoc
614 2384 914 2445 διευκρινὴσεις·
948 2388 1180 2445 πρόβλημα
1205 2401 1322 2432 sane
1346 2388 1594 2432 πολιτικόνζ
1629 2400 1739 2432 cum

164 2467 223 2514 sit
258 2480 456 2513 necesse
493 2473 575 2513 aut
612 2465 777 2514 haberi
815 2465 1036 2514 Caesaris
1071 2467 1325 2525 rationem,
1359 2466 1439 2514 illo
1477 2467 1741 2515 exercitum

162 2547 238 2595 vel
274 2562 360 2609 per
402 2556 623 2595 senatum
647 2548 721 2596 vel
757 2563 845 2610 per
880 2549 1098 2597 tribunos
1131 2548 1194 2611 pl.
1221 2548 1486 2606 obtinente,
1513 2555 1595 2596 aut
1631 2564 1738 2611 per-

163 2628 352 2676 suaderi
379 2626 588 2686 Caesari,
614 2636 666 2676 ut
699 2630 852 2677 tradat
878 2630 1175 2692 provinciam
1214 2637 1358 2692 atque
1393 2630 1659 2678 exercitum
1696 2638 1742 2677 et

163 2712 227 2758 ita
275 2709 444 2757 cousul
486 2710 580 2768 fiat,
625 2718 719 2769 aut,
762 2712 799 2759 si
847 2711 896 2758 id
944 2712 986 2758 ei
1035 2726 1137 2758 non
1179 2711 1538 2772 persuadeatur,
1580 2712 1742 2759 haberi

164 2792 359 2841 comitia
401 2792 503 2839 sine
539 2791 662 2839 illius
700 2793 900 2850 ratione,
938 2792 1019 2839 illo
1059 2792 1269 2855 patiente
1308 2799 1451 2856 atque
1493 2793 1740 2842 obtinente
