2040 3048
293 117 394 173 174
740 119 799 157 M.
846 118 1041 156 TULLII
1078 119 1393 158 CICERONIS
1649 104 1761 183 [Pars
1789 120 1861 159 111.

289 244 563 303 Tulliolam,
590 260 714 308 quae
752 245 894 292 nobis
930 252 1096 293 nostra
1119 245 1214 294 vita
1249 245 1435 295 dulcior
1467 254 1553 305 est,
1580 246 1781 311 deposui
1817 256 1863 296 et

288 328 409 376 eieci
422 343 435 386 3
475 328 591 390 quid
610 342 782 375 causae
809 335 970 375 autem
991 326 1144 386 fuerit,
1163 329 1396 391 postridie
1420 329 1644 387 intellexi,
1665 345 1810 393 quarn
1835 345 1865 377 a

287 410 425 457 vobis
444 409 672 457 discessi:
705 411 842 469 χολὴν
860 410 1041 470 ἄκρατον
1056 416 1205 458 noctu
1224 410 1371 468 eieci;
1403 410 1562 458 statim
1582 411 1646 458 ita
1666 426 1773 458 sum
1799 411 1863 458 le-

287 499 437 550 vatus,
462 499 514 538 ut
537 490 654 537 mihi
681 491 798 538 deus
823 489 994 553 aliquis
1019 491 1309 539 medicinam
1336 492 1508 539 fecisse
1535 493 1762 551 videatur,
1788 493 1864 540 cui

286 573 483 635 quidem
506 581 559 620 tu
584 573 692 633 deo,
720 588 866 635 quern
899 573 961 620 ad
993 574 1195 621 modum
1223 574 1365 632 soles,
1392 575 1470 636 pie
1507 582 1553 622 et
1587 582 1718 623 caste
1750 575 1864 622 satis

287 655 431 703 facies
460 656 530 718 [id
563 663 636 703 est
668 655 882 718 Apollini
919 662 967 703 et
1002 652 1335 721 Aesculapio].
1411 672 1453 703 2.
1494 655 1682 704 Navem
1719 671 1864 719 spero

287 752 378 787 nos
401 737 538 786 valde
571 739 754 786 bonam
788 737 996 797 habere;
1034 737 1085 784 in
1118 752 1227 785 eam
1261 737 1549 802 simulatque
1583 739 1863 796 conscendi,

285 820 406 868 haec
449 820 632 883 scripsi.
702 819 892 867 Deinde
937 820 1244 867 conscribam
1281 820 1343 867 ad
1379 827 1571 868 nostros
1607 820 1862 868 familiares

286 902 458 950 multas
483 901 729 965 epistolas,
755 901 928 964 quibus
963 908 1009 949 te
1043 910 1089 948 et
1114 901 1375 949 Tulliolam
1409 909 1625 950 nostram
1662 903 1862 965 diligen·

286 985 466 1031 tissime
491 983 862 1031 commendabo.
925 982 1219 1030 Cohortarer
1243 998 1343 1040 vos,
1362 998 1461 1045 quo
1487 984 1650 1032 animo
1669 984 1863 1032 fortiore

286 1067 468 1125 essetiS‚
511 1067 602 1114 nisi
643 1081 731 1114 vos
772 1065 993 1115 fortiores
1037 1080 1330 1127 cognossem
1377 1081 1525 1128 quam
1568 1081 1864 1129 quemquam

287 1150 452 1196 virum.
524 1147 587 1195 Et
618 1156 781 1195 tamen
810 1148 911 1196 eius
935 1148 1070 1196 modi
1096 1162 1239 1210 spero
1263 1148 1459 1210 negotia
1483 1163 1606 1206 esse,
1630 1156 1684 1195 ut
1707 1157 1755 1197 et
1778 1163 1864 1197 vos

286 1232 390 1279 istic
427 1231 823 1278 commodissime
861 1245 1051 1293 sperem
1087 1245 1195 1278 esse
1237 1237 1285 1278 et
1326 1245 1405 1277 me
1448 1230 1708 1293 aliquando
1750 1245 1861 1278 cum

288 1314 518 1361 similibus
544 1310 695 1360 nostri
719 1328 821 1360 rem
845 1313 1089 1375 publicam
1114 1312 1415 1361 defensuros.
1479 1328 1521 1374 3.
1548 1313 1630 1360 Tu
1653 1313 1862 1375 primum

287 1395 607 1442 valetudinem
644 1402 776 1442 tuam
812 1395 953 1442 velim
990 1409 1127 1442 cures
1144 1410 1157 1453 3
1196 1394 1385 1452 deinde,
1417 1395 1460 1452 si
1491 1394 1577 1441 tibi
1613 1394 1862 1453 videbitur,

289 1478 404 1524 villis
459 1477 516 1524 iis
572 1485 718 1534 utere,
767 1491 891 1539 quae
947 1476 1228 1538 longissime
1285 1478 1489 1524 aberunt
1543 1492 1572 1523 a
1619 1476 1862 1525 militibus.

287 1558 460 1606 Fundo
503 1559 724 1621 Arpinati
765 1559 891 1606 bene
937 1559 1118 1620 poteris
1165 1558 1233 1606 uti
1277 1573 1389 1606 cum
1436 1558 1616 1606 familia
1662 1559 1859 1616 urbana,

287 1643 327 1690 si
375 1656 571 1688 annona
618 1641 771 1688 carior
813 1640 964 1688 fuerit.
1044 1639 1216 1688 Cicero
1266 1640 1556 1687 bellissimus
1605 1640 1688 1688 tibi
1737 1640 1862 1687 salu-

287 1732 386 1770 tem
427 1722 680 1784 plurimam
724 1722 851 1771 dicit.
923 1721 1082 1770 Etiam
1124 1730 1267 1785 atque
1305 1722 1448 1768 etiam
1493 1722 1609 1770 vale.
1679 1720 1742 1769 D.
1779 1736 1861 1769 vn.

290 1806 406 1854 Idus
442 1805 549 1853 Iun.

597 1947 674 1992 76.
733 1943 828 1992 AD
861 1942 1282 1991 FAMILIARES
1314 1942 1455 1991 VIII.
1487 1954 1560 2004 17.

529 2039 637 2090 ScR.
675 2040 858 2088 ROMAE
894 2055 1050 2087 MENSE
1086 2039 1292 2087 MART10
1332 2054 1467 2089 A.u.c.
1510 2041 1620 2099 706.

777 2144 976 2177 CAELIUS
1012 2143 1235 2176 CICERONI
1269 2144 1370 2176 SAL..

363 2242 404 2275 1.
456 2225 599 2274 ERGO
645 2239 725 2271 me
771 2225 931 2286 potius
977 2223 1027 2269 in
1075 2222 1315 2284 Hispania
1362 2222 1507 2271 fuisse
1563 2231 1666 2270 tum
1714 2239 1860 2285 quam

290 2308 508 2365 Formiis,
559 2321 670 2355 cum
716 2314 767 2354 tu
814 2305 1056 2369 profectus
1104 2319 1156 2351 es
1203 2304 1265 2352 ad
1312 2304 1627 2367 Pompeium!
1711 2304 1859 2363 Quod

287 2392 473 2439 utinam
498 2397 577 2437 aut
602 2388 791 2450 Appius
819 2386 1047 2435 Claudius
1072 2388 1121 2433 in
1144 2386 1232 2433 hac
1246 2391 1381 2448 parte
1389 2386 1574 2449 fuzlvsel
1594 2392 1679 2433 aut
1693 2386 1742 2432 in
1767 2387 1860 2434 ista

287 2479 421 2536 parte
480 2470 533 2519 C.
586 2469 747 2528 Curio,
795 2469 929 2517 cuius
982 2468 1188 2516 amicitia
1235 2483 1313 2515 me
1360 2468 1590 2530 paulatim
1636 2468 1685 2513 in
1733 2467 1859 2515 hanc

288 2554 523 2618 perditam
572 2567 764 2600 causam
814 2551 1043 2613 imposuit
1060 2566 1073 2608 ;
1133 2565 1247 2597 nam
1303 2549 1419 2597 mihi
1473 2550 1626 2597 sentio
1675 2550 1857 2596 bonam

289 2643 501 2684 mentem
526 2634 771 2682 iracundia
795 2641 842 2680 et
867 2647 1029 2681 amore
1055 2632 1275 2680 ablatam.
1348 2631 1426 2678 Tu
1461 2645 1621 2693 porro,
1650 2645 1761 2678 cum
1795 2631 1857 2678 ad

290 2727 335 2765 te
367 2716 675 2780 proficiscens
701 2714 920 2762 Arimino
955 2721 1103 2761 noctu
1138 2713 1388 2771 venissem,
1416 2711 1532 2759 dum
1567 2711 1684 2758 mihi
1721 2711 1854 2772 pacis

289 2798 516 2847 mandata
540 2797 626 2845 das
652 2795 714 2844 ad
740 2794 997 2844 Caesarem
1021 2802 1067 2842 et
1099 2794 1351 2842 mirificum
1386 2794 1536 2842 civem
1569 2793 1685 2854 agiS,
1712 2792 1853 2839 amici

2038 2313 2040 2319 .
2031 1990 2040 2277 .r.-—-.—-—.-.a..-..
2035 1946 2040 1965 .,
2036 1896 2040 1904 .
