2040 3048
369 423 482 499 M.
542 420 994 501 TULLII
1065 421 1785 502 CICERONIS

524 619 1043 680 EPISTOLAE
1122 572 1624 683 SELECTAE.

872 793 1073 847 PARS
1141 796 1246 848 III.

633 925 711 969 46.
783 921 878 969 AD
914 922 1238 971 ATTICUM
1274 922 1388 971 VII.
1431 939 1502 972 1o.

397 1015 505 1066 Sca.
544 1033 607 1068 AD
643 1032 808 1065 URBEM
844 1033 939 1068 xw.
975 1018 1103 1067 ΚΑΙ..
1141 1019 1450 1068 FEBRUARIAS
1485 1035 1623 1070 A.U.c.
1665 1031 1778 1082 705.

808 1122 979 1156 CICERO
1014 1098 1194 1157 A'r'rrco
1227 1123 1328 1156 SAL.

350 1200 532 1250 Sunrro
556 1201 811 1249 consilium
836 1202 957 1264 cepi,
985 1209 1035 1250 ut
1059 1211 1169 1251 ante
1196 1218 1342 1265 quam
1367 1203 1547 1252 luceret
1570 1201 1763 1264 exirem,
1790 1221 1851 1253 ne

280 1284 364 1346 qui
410 1290 702 1345 conspectus
750 1283 885 1331 fieret
932 1292 1012 1331 aut
1060 1299 1235 1343 sermo,
1282 1285 1529 1334 lictoribus
1576 1287 1854 1348 praesertim

281 1364 514 1412 laureatis·
586 1363 663 1412 De
687 1363 870 1426 reliquo
895 1380 1053 1427 neque
1079 1366 1269 1414 hercule
1294 1367 1411 1429 quid
1443 1365 1587 1429 agam
1622 1383 1713 1416 nec
1738 1369 1855 1431 quid

281 1452 471 1494 acturus
508 1445 598 1492 sim
637 1445 738 1493 scio
754 1461 768 1505 ;
818 1446 882 1493 ita
919 1462 1025 1494 sum
1062 1449 1364 1509 perturbatus
1402 1449 1666 1496 temeritate
1703 1451 1855 1497 nostri

280 1527 594 1575 amentissimi
619 1527 818 1575 consilii.
890 1527 1004 1575 Tibi
1029 1544 1142 1577 vero
1168 1529 1284 1591 quid
1320 1531 1564 1588 suadeam,
1592 1531 1725 1579 cuius
1751 1531 1854 1593 ipse

282 1609 536 1657 consilium
562 1609 829 1671 exspecto?
901 1608 1100 1659 Gnaeus
1125 1618 1290 1659 noster
1314 1612 1430 1674 quid
1457 1613 1643 1660 consilii
1677 1614 1856 1676 ceperit

281 1691 495 1753 capiatve
531 1689 712 1748 nescio,
751 1689 910 1738 adhuc
949 1692 1001 1738 in
1043 1693 1236 1755 oppidis
1278 1702 1517 1742 coartatus
1556 1702 1603 1742 et
1626 1702 1854 1757 stupens.

282 1772 484 1829 OmneS,
510 1770 550 1818 si
577 1771 627 1818 in
652 1771 789 1818 Italia
825 1773 1071 1832 consistat,
1097 1775 1274 1823 erimus
1298 1790 1422 1835 una3
1461 1777 1535 1824 sin
1559 1776 1710 1835 cedet,
1737 1791 1852 1824 con-

281 1855 367 1903 silii
393 1868 469 1901 res
502 1859 587 1901 est.
657 1852 832 1902 Adhuc
858 1863 1001 1914 certe,
1027 1857 1117 1904 nisi
1150 1872 1244 1920 ego
1282 1859 1486 1917 insanio,
1513 1860 1653 1906 stulte
1690 1860 1854 1907 omnia

279 1944 328 1984 et
351 1937 554 1983 incaute.
626 1933 720 1990 Tu,
747 1949 944 1997 quaem,
971 1938 1141 1985 crebro
1170 1939 1234 1987 ad
1257 1954 1336 1988 me
1361 1940 1514 1988 scribe
1538 1940 1613 1988 vel
1646 1941 1780 2005 quod
1802 1941 1852 1989 in

280 2017 485 2063 buccam
509 2015 703 2062 venerit.

631 2150 708 2193 47.
779 2146 873 2193 AD
909 2146 1232 2197 ATTICUM
1269 2150 1383 2200 VII.
1426 2166 1499 2200 11.

417 2239 526 2290 ScR.
565 2257 615 2289 IN
650 2241 908 2290 CAMPANIA
944 2258 1099 2291 MENSE
1138 2244 1378 2294 IANUAmo
1414 2260 1552 2296 A.U.c.
1592 2257 1703 2307 705.

806 2346 976 2379 C1cERo
1012 2347 1189 2381 ATnco
1223 2348 1322 2381 SAL.

351 2441 389 2473 1.
429 2425 643 2486 QUAEso,
670 2428 785 2489 quid
811 2428 904 2475 hoc
938 2429 1043 2475 est?
1079 2437 1159 2476 aut
1193 2430 1309 2491 quid
1344 2431 1530 2492 agitur?
1567 2431 1682 2478 mihi
1719 2433 1848 2480 enim

276 2509 502 2555 tenebrae
539 2517 681 2557 sunt:
721 2507 1040 2571 ‘Cingulum'
1076 2510 1230 2573 inquit
1267 2514 1387 2559 ‘nos
1420 2520 1655 2571 tenemus,
1681 2513 1847 2563 Anco-

276 2603 387 2635 nem
429 2589 704 2648 amisimus;
745 2590 988 2638 Labienus
1033 2591 1250 2639 discessit
1293 2608 1322 2640 a
1364 2592 1601 2641 Caesare!
1672 2594 1846 2643 Utrum

275 2668 335 2715 de
359 2669 646 2731 imperatore
671 2672 838 2733 populi
863 2671 1075 2720 Romani
1102 2688 1161 2720 an
1190 2673 1249 2720 de
1270 2673 1547 2721 Hannibale
1572 2675 1846 2738 loquimur?

273 2764 304 2796 o
330 2750 580 2797 hominem
606 2761 848 2800 amentem
873 2761 919 2800 et
943 2754 1186 2813 miserum,
1209 2755 1290 2816 qui
1316 2770 1378 2801 ne
1403 2756 1624 2803 umbram
1649 2757 1844 2819 quidem
