2040 3048
258 92 286 129 2
291 75 362 144 36
711 87 773 127 M.
819 87 1017 126 TULLII
1053 87 1366 128 CICERONIS
1646 78 1758 148 [Pars
1781 91 1831 132 v.

257 217 362 265 urbi
388 224 435 265 et
454 216 561 265 otio
591 217 855 265 diffiderem
882 218 1067 266 urbano
1090 234 1105 279 3
1142 218 1229 267 sed
1253 219 1316 267 ita
1349 233 1630 282 compressa
1652 234 1725 267 res
1747 228 1832 277 est,

256 308 309 348 ut
333 299 450 347 mihi
474 299 723 346 videamur
754 314 901 347 omne
921 299 1026 347 ‚iam
1063 299 1124 349 ad
1148 308 1339 363 tempus
1377 301 1437 348 ab
1471 301 1551 348 illo
1586 301 1836 349 dumtaxat

257 381 590 430 sordidissimo
616 380 830 443 periculo
855 383 942 430 tuti
968 382 1123 430 futuri.
1194 382 1401 446 Reliqua
1432 398 1612 446 magna
1643 391 1754 431 sunt
1777 398 1833 431 ac

255 463 415 522 multa,
458 462 545 511 sed
585 463 745 525 posita
784 464 949 511 omnia
990 463 1039 511 in
1073 465 1236 513 vobis:
1287 479 1585 528 quamquam
1625 464 1834 527 primum

255 543 468 606 quidque
500 543 813 606 explicemus.
885 543 1030 604 Nam,
1054 553 1108 593 ut
1141 545 1298 594 adhuc
1325 545 1522 610 quidem
1555 555 1715 594 actum
1748 554 1831 603 est,

254 640 355 674 non
395 640 564 688 regnO,
605 625 691 674 sed
731 640 846 688 rege
888 626 1071 674 liberati
1111 627 1327 675 videmur
1345 644 1358 687 ;
1409 627 1660 675 interfecto
1703 627 1833 675 enim

255 722 368 770 rege
393 706 553 768 regios
590 706 750 754 omnis
780 713 924 755 nutus
951 715 1152 756 tuemur.
1225 707 1399 771 Neque
1422 724 1538 757 vero
1574 708 1625 757 id
1661 707 1832 767 solum,

255 789 342 837 sed
378 789 534 846 etiam,
565 803 690 850 quae
725 788 828 851 ipse
864 789 952 849 ille,
987 790 1027 837 si
1062 790 1250 848 viveret,
1284 804 1386 838 non
1420 789 1614 849 faceret,
1649 806 1708 839 ea
1742 805 1833 838 nos

257 872 393 932 quasi
432 871 640 933 cogitata
681 871 743 918 ab
779 871 858 918 illo
894 872 1172 934 probamus.
1245 869 1351 919 Nec
1393 872 1495 920 eius
1532 872 1727 934 quidem
1766 872 1833 920 rei

256 951 401 998 finem
436 952 606 1000 video:
642 952 834 1000 tabulae
870 953 1082 1014 figuntur
1097 968 1111 1012 3
1149 952 1475 1000 immunitates
1513 951 1713 1013 dantur3
1747 968 1832 1015 pe-

255 1034 426 1081 cuniae
450 1034 692 1082 maximae
725 1034 1045 1082 discribuntur
1062 1049 1075 1092 3
1113 1033 1302 1082 exsules
1334 1034 1659 1092 reducuntur,
1698 1050 1832 1083 sena-

255 1123 330 1164 tus
373 1115 594 1164 consulta
635 1115 754 1164 falsa
795 1116 1098 1164 referuntur:
1155 1124 1206 1163 ut
1247 1123 1435 1164 tantum
1475 1116 1625 1165 modo
1668 1117 1835 1165 odium

255 1197 367 1246 illud
407 1197 618 1245 hominis
667 1198 843 1260 impuri
891 1206 940 1246 et
986 1198 1222 1246 servitutis
1271 1198 1410 1246 dolor
1451 1198 1680 1261 depulsus
1727 1214 1834 1247 esse

254 1278 481 1337 videatur,
508 1294 584 1327 res
609 1279 803 1341 publica
826 1279 979 1327 iaceat
1002 1279 1053 1326 in
1077 1279 1133 1326 iis
1159 1280 1612 1341 perturbationibus,
1638 1280 1688 1327 in
1713 1295 1834 1342 quas

256 1376 363 1409 eam
387 1361 464 1409 ille
490 1361 708 1409 coniecit.
784 1377 824 1409 2.
865 1360 1005 1408 Haec
1029 1361 1195 1408 omnia
1219 1361 1355 1409 vobis
1382 1368 1494 1410 sunt
1517 1362 1832 1423 expedienda,

256 1458 346 1491 nec
384 1442 479 1491 hoc
517 1442 847 1505 cogitandum,
886 1442 1000 1490 satis
1039 1442 1134 1489 iam
1171 1441 1349 1490 habere
1391 1459 1492 1491 rem
1528 1443 1770 1506 publicam
1807 1460 1835 1492 a

254 1525 388 1574 vobis
410 1540 420 1572 :
454 1524 600 1572 habet
623 1525 701 1572 illa
719 1524 916 1587 quidem
941 1531 1144 1582 tantum,
1166 1533 1401 1586 quantum
1425 1541 1693 1588 numquam
1718 1526 1835 1572 mihi

255 1605 303 1655 in
328 1615 542 1655 mentem
567 1607 696 1654 venit
720 1614 900 1669 optare,
929 1606 1015 1654 sed
1041 1614 1267 1655 contenta
1291 1622 1393 1655 non
1418 1615 1491 1656 est
1515 1616 1562 1656 et
1586 1623 1675 1671 pro
1699 1623 1834 1671 mag-

257 1689 470 1737 nitudine
495 1697 543 1736 et
568 1689 714 1736 animi
738 1695 785 1736 et
808 1687 1029 1736 beneficii
1054 1687 1195 1735 vestri
1222 1704 1250 1736 a
1274 1689 1411 1738 vobis
1435 1705 1614 1750 magna
1648 1689 1835 1738 deside-

257 1778 327 1818 rat
352 1770 522 1818 adhuc.
594 1769 709 1818 Ulta
734 1785 845 1819 suas
870 1770 1066 1818 iniurias
1091 1779 1162 1818 est
1187 1786 1272 1832 per
1291 1786 1378 1819 vos
1403 1771 1594 1819 interitu
1619 1771 1807 1834 tyranni
1821 1787 1833 1830 ;

258 1851 372 1899 nihil
407 1852 641 1915 amplius:
678 1860 965 1900 ornamenta
992 1867 1105 1900 vero
1144 1867 1231 1900 sua
1267 1868 1390 1915 quae
1426 1853 1735 1915 reciperavit?
1772 1867 1835 1901 an

258 1934 391 1996 quod
427 1935 470 1981 ei
505 1942 696 1982 mortuo
737 1942 885 1996 paret,
923 1949 1068 1996 quem
1105 1933 1264 1980 vivum
1303 1933 1424 1982 ferre
1466 1950 1566 1982 non
1611 1937 1833 1997 poterat?

259 2017 394 2063 cuius
436 2030 547 2064 aera
584 2016 785 2077 refigere
828 2015 1139 2072 debebamus,
1179 2016 1282 2064 eius
1330 2017 1473 2064 etiam
1516 2016 1836 2079 chirographa

259 2096 594 2145 defendimus?
664 2100 677 2122 ‘
694 2097 759 2145 At
784 2097 911 2145 enim
932 2098 995 2144 ita
1020 2097 1347 2150 decrevimus?
1416 2098 1639 2147 Fecimus
1663 2099 1713 2147 id
1732 2099 1834 2162 qui·

258 2178 369 2226 dem
394 2179 692 2242 temporibus
717 2178 957 2237 cedentes,
985 2193 1107 2240 quae
1132 2179 1289 2227 valent
1317 2180 1366 2226 in
1400 2196 1450 2228 re
1475 2181 1667 2243 publica
1689 2180 1832 2242 pluri-

259 2276 419 2320 mum;
458 2260 543 2309 sed
568 2259 884 2308 immoderate
910 2259 1107 2322 quidem
1132 2268 1178 2308 et
1202 2261 1387 2323 ingrate
1420 2270 1585 2310 nostra
1611 2261 1833 2310 facilitate

256 2343 530 2391 abutuntur.
600 2341 785 2389 Verum
808 2341 927 2389 haec
953 2342 1235 2404 propediem
1263 2350 1310 2390 et
1334 2343 1484 2391 multa
1515 2343 1607 2392 alia
1642 2358 1832 2392 coram:

256 2424 443 2472 interim
468 2424 610 2472 velim
650 2424 717 2472 sic
754 2423 836 2471 tibi
870 2423 1174 2486 persuadeas,
1201 2425 1318 2471 mihi
1355 2441 1467 2473 cum
1500 2426 1571 2473 rei
1596 2426 1830 2489 publicae,

257 2520 402 2568 quam
430 2521 622 2568 semper
647 2505 791 2554 habui
817 2505 1125 2562 carissimam,
1154 2514 1253 2553 tum
1289 2507 1467 2554 amoris
1502 2507 1652 2555 nostri
1687 2523 1834 2555 causa

255 2587 495 2635 maximae
538 2603 677 2635 curae
719 2603 827 2636 esse
868 2595 1002 2636 tuam
1044 2586 1339 2650 dignitatem.
1412 2588 1491 2636 Da
1531 2603 1745 2651 operam,
1781 2597 1835 2638 ut

257 2668 427 2716 valeas.
497 2665 675 2733 [Vale.]
