2040 3048
285 80 351 147 78
738 89 800 127 M.
844 87 1042 127 TULLII
1080 89 1391 127 CICERONIS
1663 75 1776 152 [pars
1802 91 1854 131 11.

285 216 610 264 referebantur
634 213 696 261 ad
721 228 828 272 me;
866 213 949 276 qui
984 227 1097 261 cum
1132 213 1210 260 illa
1235 214 1466 262 sentirent
1501 214 1552 261 in
1576 229 1626 262 re
1652 215 1855 277 publica,

285 314 409 361 quae
444 312 537 359 ego
574 297 796 358 agebam,
823 310 1110 358 semperque
1146 296 1419 354 sensissent,
1444 311 1523 344 me
1561 304 1722 345 tamen
1757 311 1859 345 non

286 381 399 429 satis
446 380 601 427 facere
644 376 881 439 Pompeio
918 375 1276 440 Caesaremque
1312 379 1695 425 inimicissimum
1742 377 1860 425 mihi

286 462 497 510 futurum
532 460 742 523 gaudere
778 474 830 507 se
866 459 1069 506 aiebant.
1142 458 1260 507 Erat
1294 460 1388 508 hoc
1423 460 1540 507 mihi
1584 459 1860 517 dolendum,

288 542 374 592 sed
419 541 571 590 multo
617 540 733 589 illud
779 541 950 602 magiS,
992 540 1127 602 quod
1173 541 1420 590 inimicum
1462 557 1860 590 meum—meum

287 624 486 673 autem?
521 624 672 671 immo
696 637 809 670 vero
834 622 1012 684 legum,
1037 622 1336 681 iudiciorum,
1361 624 1459 682 otii,
1484 624 1681 686 patriae,
1706 625 1862 671 bono-

287 718 396 751 rum
430 701 789 751 omnium—sic
824 701 1234 764 amplexabantur,
1272 702 1341 750 sic
1375 702 1425 749 in
1460 702 1684 750 manibus
1718 702 1864 750 habe-

288 785 419 842 bant,
446 783 515 832 sic
538 782 779 839 fovebant,
806 782 874 830 sic
903 797 983 829 me
1014 790 1268 844 praesente
1291 783 1646 841 osculabantur,
1673 799 1774 832 non
1800 783 1864 831 illi

290 865 485 928 quidem
509 872 562 912 ut
591 863 709 911 mihi
747 863 1051 912 stomachum
1093 863 1303 912 facerent
1343 879 1489 927 quem
1525 880 1619 927 ego
1650 865 1866 913 funditus

292 948 494 1012 perdidi,
539 946 625 994 sed
662 953 790 994 certe
825 953 878 992 ut
913 945 1072 995 facere
1109 962 1161 994 se
1197 947 1551 995 arbitrarentur.
1620 946 1719 995 Hic
1755 962 1864 1010 ego,

292 1037 528 1093 quantum
575 1028 789 1075 humano
828 1027 1030 1076 consilio
1076 1028 1263 1076 efficere
1309 1029 1459 1091 potui,
1507 1029 1866 1092 circumspectis

293 1113 435 1160 rebus
459 1111 580 1158 meis
604 1109 833 1157 omnibus
858 1109 1221 1173 rationibusque
1241 1109 1490 1158 subductis
1509 1125 1751 1159 summam
1777 1111 1869 1160 feci

295 1193 643 1255 cogitationum
667 1205 886 1238 mearum
911 1192 1146 1250 omnium,
1163 1206 1310 1254 quam
1334 1192 1433 1250 tibi,
1449 1192 1490 1239 si
1514 1200 1698 1254 potere,
1715 1194 1868 1241 brevi-

294 1284 364 1323 ter
388 1287 647 1336 exponam.
723 1287 798 1320 11.
832 1270 959 1334 Eg0‚
985 1273 1026 1321 si
1050 1274 1112 1320 ab
1133 1273 1368 1336 improbis
1393 1280 1441 1321 et
1471 1274 1667 1335 perditis
1686 1275 1870 1323 civibus

294 1373 397 1406 rem
432 1355 675 1419 publicam
712 1354 862 1401 teneri
900 1355 1127 1412 viderem,
1164 1356 1284 1403 sicut
1324 1363 1371 1402 et
1408 1356 1530 1403 meis
1570 1357 1870 1418 temporibus

297 1438 476 1486 scimus
508 1444 556 1484 et
591 1450 693 1483 non
728 1436 868 1484 nullis
905 1436 1008 1484 aliis
1037 1436 1281 1495 accidisse,
1308 1451 1409 1484 non
1443 1437 1594 1485 modo
1629 1437 1870 1500 praemiis,

297 1534 421 1581 quae
451 1518 581 1581 apud
614 1532 693 1565 me
729 1517 982 1565 minimum
1013 1517 1187 1575 valent,
1213 1517 1301 1566 sed
1335 1533 1397 1566 ne
1425 1519 1646 1581 periculis
1675 1520 1873 1582 quidem

299 1600 577 1663 compulsus
611 1598 732 1656 ullis,
759 1599 936 1661 quibus
973 1607 1138 1647 tamen
1165 1608 1422 1647 moventur
1453 1601 1598 1648 etiam
1628 1601 1873 1649 fortissimi

298 1683 396 1741 viri,
441 1682 504 1731 ad
550 1695 719 1729 eorum
760 1695 958 1728 causam
1003 1696 1083 1728 me
1130 1680 1456 1743 adiungerem,
1499 1697 1562 1730 ne
1604 1683 1644 1731 si
1685 1699 1876 1731 summa

300 1764 498 1827 quidem
523 1777 691 1812 eorum
723 1762 772 1808 in
808 1777 887 1808 me
923 1762 1092 1810 merita
1125 1770 1411 1811 constarent.
1483 1762 1610 1812 Cum
1634 1773 1794 1812 autem
1826 1766 1874 1813 in

300 1861 351 1893 re
387 1844 580 1908 publica
613 1842 705 1891 Cn.
733 1842 995 1906 Pompeius
1029 1844 1256 1906 princeps
1286 1854 1425 1904 esset,
1451 1846 1521 1893 vir
1554 1847 1608 1905 is,
1635 1847 1718 1909 qui
1753 1847 1877 1895 hanc

301 1927 570 1991 potentiam
612 1934 659 1974 et
698 1925 903 1988 gloriam
938 1926 1163 1974 maximis
1197 1927 1250 1974 in
1283 1942 1386 1975 rem
1420 1928 1663 1989 publicam
1698 1930 1877 1977 meritis

302 2007 820 2072 praestantissimisque
845 2008 988 2055 rebus
1011 2008 1160 2069 gestis
1184 2016 1312 2056 esset
1335 2018 1622 2058 consecutus
1647 2012 1878 2073 cuiusque

305 2105 399 2153 ego
410 2089 654 2152 dignitatis
671 2089 733 2135 ab
752 2088 1076 2137 adulescentia
1095 2088 1264 2147 fautor,
1281 2089 1330 2136 in
1348 2098 1571 2151 praetura
1585 2099 1746 2139 autem
1765 2100 1813 2140 et
1830 2094 1878 2140 in

306 2171 559 2221 consulatu
583 2170 770 2218 adiutor
793 2170 934 2218 etiam
961 2170 1265 2228 exstitissem,
1292 2186 1501 2233 cumque
1520 2171 1650 2219 idem
1674 2174 1880 2221 auctori-

307 2263 402 2304 tate
417 2261 465 2302 et
483 2253 718 2302 sententia
736 2267 822 2315 per
837 2267 903 2310 se,
921 2251 1131 2300 consiliis
1146 2260 1193 2299 et
1212 2252 1377 2300 studiis
1395 2260 1567 2310 tecum,
1585 2268 1663 2301 me
1679 2254 1879 2302 adiuvis-

310 2344 382 2385 set
399 2349 661 2396 meumque
685 2334 933 2381 inimicum
958 2348 1109 2380 unum
1134 2333 1183 2380 in
1202 2333 1386 2381 civitate
1405 2333 1601 2382 haberet
1618 2335 1880 2393 inimicum,

310 2433 411 2466 non
435 2417 597 2480 putavi
630 2416 812 2464 famam
845 2415 1194 2463 inconstantiae
1229 2414 1346 2462 mihi
1370 2415 1817 2476 pertimescendam,
1843 2418 1883 2464 si

286 2499 602 2562 ‘quibusdam
634 2498 684 2559 in
718 2497 964 2545 sententiis
999 2496 1197 2559 paulum
1231 2511 1310 2543 me
1346 2496 1675 2545 immutassem
1700 2513 1883 2545 meam-

313 2595 407 2641 que
442 2578 738 2625 voluntatem
773 2578 834 2625 ad
873 2578 1048 2625 summi
1083 2577 1167 2624 viri
1203 2577 1263 2624 de
1298 2592 1474 2639 meque
1509 2579 1691 2640 optime
1730 2578 1884 2626 meriti

314 2661 595 2722 dignitatem
620 2659 975 2721 adgregassem.
1054 2673 1127 2706 12.
1165 2658 1226 2705 In
1258 2657 1349 2706 hac
1382 2660 1618 2706 sententia
1642 2660 1884 2722 complec-

315 2741 488 2789 tendus
523 2748 623 2788 erat
658 2739 773 2788 mihi
803 2739 997 2797 Caesar,
1022 2747 1073 2787 ut
1106 2738 1253 2796 vides,
1279 2739 1327 2785 in
1366 2739 1624 2787 coniuncta
1659 2747 1705 2788 et
1741 2754 1885 2788 causa
