2040 3048
349 111 417 166 54
818 109 880 148 M.
920 107 1120 146 TULLII
1156 107 1323 147 CICER
1332 107 1468 145 oms
1728 91 1853 168 [Pars.
1874 110 1924 148 11.

350 250 517 289 senatu
551 239 880 288 auctoritatem
915 247 961 286 et
998 238 1126 300 apud
1163 239 1289 286 viros
1325 240 1483 285 bonos
1519 239 1718 300 gratiam
1755 239 1926 301 magis,

351 338 495 385 quam
532 331 826 384 optaramus,
853 320 1099 367 consecuti
1127 334 1321 378 sumus;
1359 320 1408 366 in
1434 335 1484 367 re
1510 330 1669 367 autem
1696 319 1925 378 familiari,

352 420 474 467 quae
509 418 653 465 quem
692 401 752 448 ad
788 401 990 448 modum
1028 400 1191 458 fracta,
1226 400 1468 463 dissipata,
1501 402 1683 464 direpta
1720 403 1792 458 sit,
1827 416 1927 448 non

352 488 558 548 ignoras,
586 482 722 530 valde
754 482 1029 530 laboramus
1062 490 1347 547 tuarumque
1380 497 1482 530 non
1507 491 1605 530 tam
1632 482 1927 539 facultatum,

352 582 472 631 quas
499 581 592 628 ego
618 572 808 613 nostras
840 578 946 612 esse
975 563 1151 621 iudico,
1179 579 1326 626 quam
1360 564 1670 611 consiliorum
1704 564 1765 611 ad
1797 564 1929 612 colli·

351 648 537 712 gendas
562 655 609 695 et
638 645 1002 694 constituendas
1036 645 1259 707 reliquias
1297 653 1487 693 nostras
1522 646 1809 708 indigemus.
1885 662 1930 705 4.

352 729 513 787 Nunc,
539 729 626 776 etsi
651 728 817 775 omnia
841 735 922 775 aut
947 727 1123 790 scripta
1147 741 1254 775 esse
1279 743 1308 774 a
1330 727 1423 774 tuis
1449 728 1651 775 arbitror
1674 736 1756 775 aut
1785 729 1928 776 etiam

353 813 532 862 nuntiis
552 827 609 859 ac
628 825 823 858 rumore
844 809 1041 873 perlata,
1059 818 1223 857 tamen
1248 825 1306 857 ea
1331 810 1538 858 scribam
1562 811 1708 869 brevi,
1723 826 1854 876 quae
1879 819 1927 859 te

353 901 471 957 puto
511 893 819 956 potissimum
855 907 915 939 ex
951 892 1074 939 meis
1110 891 1275 939 litteris
1310 891 1430 939 velle
1466 906 1779 954 cognoscere.
1853 893 1927 941 Pr.

354 973 526 1021 Nonas
548 971 748 1019 Sextiles
767 969 1069 1033 Dyrrhachio
1091 985 1198 1017 sum
1218 969 1479 1032 profectus,
1495 971 1604 1033 ipso
1624 971 1706 1018 illo
1727 971 1818 1029 die,
1831 987 1931 1034 quo

353 1056 429 1103 lex
456 1062 526 1101 est
548 1054 643 1100 lata
668 1052 729 1099 de
753 1052 922 1107 nobis3
961 1050 1271 1097 Brundisium
1303 1052 1413 1098 veni
1447 1050 1606 1099 Nonis
1641 1052 1930 1102 Sextilibus:

279 1157 283 1161 “
355 1137 420 1184 ibi
444 1135 563 1183 mihi
589 1133 800 1182 Tulliola
824 1147 934 1180 mea
958 1132 1046 1180 fuit
1069 1141 1263 1195 praesto
1288 1132 1432 1180 natali
1466 1148 1555 1181 suo
1587 1134 1695 1195 ipso
1731 1134 1822 1193 die,
1850 1137 1931 1198 qui

356 1233 468 1266 casu
505 1217 633 1264 idem
671 1215 842 1263 natalis
878 1222 978 1263 erat
1021 1223 1067 1262 et
1106 1213 1427 1262 Brundisinae
1467 1215 1690 1263 coloniae
1734 1225 1780 1263 et
1821 1226 1934 1265 tuae

356 1300 542 1347 vicinae
600 1297 807 1356 Salutis;
867 1311 992 1359 quae
1039 1311 1116 1343 res
1165 1295 1500 1344 animadversa
1546 1313 1577 1344 a
1624 1296 1933 1348 multitudine

358 1395 548 1428 summa
580 1377 980 1426 Brundisinorum
1013 1377 1332 1440 gratulatione
1369 1378 1608 1426 celebrata
1644 1387 1731 1427 est.
1805 1379 1934 1429 Ante

359 1461 487 1509 diem
526 1474 589 1508 v1.
624 1460 741 1508 Idus
779 1459 982 1508 Sextiles
1023 1458 1248 1522 cognovi,
1276 1455 1409 1524 [cum
1449 1458 1693 1507 Brundisii
1736 1459 1932 1528 essem,]

361 1542 525 1589 litteris
575 1540 762 1601 Quinti,
810 1542 1014 1589 mirifico
1064 1541 1222 1589 studio
1270 1540 1490 1587 omnium
1538 1549 1750 1589 aetatum
1792 1553 1937 1607 atque

361 1623 599 1681 ordinum,
626 1624 890 1671 incredibili
923 1637 1162 1671 concursu
1193 1622 1359 1670 Italiae
1391 1622 1550 1684 legem
1583 1624 1789 1674 comitiis
1823 1642 1937 1674 cen-

362 1706 544 1754 turiatis
584 1721 690 1754 esse
729 1706 990 1769 perlatam:
1033 1705 1148 1752 inde
1184 1720 1213 1752 a
1247 1703 1551 1751 Brundisinis
1586 1703 1938 1757 honestissimis

362 1797 558 1835 ornatus
583 1789 671 1835 iter
696 1788 761 1835 ita
792 1787 898 1845 feci,
923 1795 974 1835 ut
1006 1786 1220 1849 undique
1254 1785 1317 1833 ad
1355 1800 1434 1833 me
1473 1801 1584 1834 cum
1618 1788 1938 1849 gratulatione

361 1870 505 1932 legati
532 1869 858 1918 convenerint.
930 1881 972 1930 5.
1010 1869 1094 1917 Ad
1118 1869 1287 1915 urbem
1310 1868 1376 1915 ita
1398 1867 1521 1925 veni,
1541 1876 1595 1915 ut
1619 1884 1766 1918 nemo
1797 1872 1938 1921 ullius

362 1951 544 1999 ordinis
568 1952 719 1999 homo
745 1951 1095 1999 nomenclatori
1117 1957 1266 1997 notus
1299 1948 1455 2007 fuerit,
1475 1950 1563 2010 qui
1595 1950 1713 1997 mihi
1746 1954 1937 2002 obviam

362 2048 463 2081 non
504 2034 700 2091 venerit,
739 2041 928 2095 praeter
970 2048 1056 2080 eos
1096 2032 1333 2090 inimicos,
1367 2031 1543 2094 quibus
1583 2031 1633 2079 id
1667 2032 1828 2095 ipsum
1867 2033 1939 2101 [se

364 2115 587 2163 inimicos
629 2110 759 2179 esse]
804 2128 904 2161 non
946 2113 1109 2163 liceret
1150 2122 1231 2161 aut
1272 2112 1571 2161 dissimulare
1618 2123 1700 2162 aut
1746 2132 1938 2179 negare.

365 2196 494 2246 Cum
530 2197 771 2244 venissem
808 2196 870 2244 ad
907 2205 1097 2259 portam
1134 2195 1401 2259 Capenam,
1434 2195 1615 2258 gradus
1647 2198 1938 2261 templorum

365 2281 426 2327 ab
451 2279 620 2326 infima
643 2278 784 2341 plebe
811 2278 1039 2341 completi
1063 2286 1213 2336 erant,
1232 2292 1262 2324 a
1281 2292 1376 2339 qua
1394 2277 1566 2338 plausu
1590 2280 1804 2328 maximo
1829 2298 1940 2330 cum

364 2369 491 2409 esset
528 2360 645 2407 mihi
684 2360 939 2423 gratulatio
983 2359 1262 2422 significata,
1299 2360 1463 2408 similis
1505 2368 1552 2408 et
1593 2360 1859 2425 frequentia
1894 2374 1941 2414 et

366 2442 564 2505 plausus
588 2456 668 2488 me
692 2455 845 2503 usque
872 2440 932 2488 ad
967 2439 1260 2503 Capitolium
1290 2440 1554 2500 celebravit,
1578 2442 1628 2489 in
1660 2442 1864 2506 foroque
1895 2454 1943 2494 et

366 2525 415 2571 in
452 2525 560 2585 ipso
603 2522 847 2586 Capitolio
889 2522 1108 2570 miranda
1152 2522 1408 2571 multitudo
1449 2522 1550 2570 fuit.
1620 2523 1855 2573 Postridie
1893 2527 1942 2574 in

368 2614 552 2663 senatu,
579 2604 662 2667 qui
685 2603 773 2651 fuit
809 2605 912 2652 dies
948 2603 1203 2652 Nonarum
1241 2603 1524 2667 Septembr.,
1550 2607 1734 2653 senatui
1766 2609 1944 2669 gratias

368 2686 569 2747 egimus,
612 2687 672 2734 <61
699 2683 775 2737 Eo
795 2685 945 2734 biduo
964 2700 1076 2734 cum
1095 2671 1220 2734 esset
1239 2681 1463 2734 annonae
1489 2701 1678 2735 summa
1703 2689 1874 2736 caritas
1898 2698 1945 2737 et

371 2767 595 2815 homines
619 2767 682 2815 ad
707 2767 943 2815 theatrum
978 2769 1152 2831 prim0,
1179 2766 1354 2816 deinde
1390 2768 1454 2817 ad
1487 2779 1709 2818 senatum
1741 2783 1943 2817 concur-
