2040 3048
290 117 386 171 188
743 130 803 171 Μ.
851 130 1047 169 TULLII
1087 131 1398 170 czcmoms
1641 121 1762 189 [Pars
1788 132 1858 174 iv.

284 264 454 305 terunt.
529 254 626 304 Sed
667 254 785 303 nihil
832 255 989 303 minus
1038 256 1139 303 fero
1188 271 1334 318 quam
1383 256 1683 304 severitatem
1733 256 1856 304 otio-

287 352 451 384 sorum
484 346 544 395 et,
571 351 771 400 quoquo
806 337 957 385 modo
991 352 1042 385 se
1076 351 1152 385 res
1186 336 1344 395 habet,
1370 338 1526 399 magis
1552 337 1657 385 illos
1683 352 1858 396 vereor,

287 420 368 481 qui
394 420 442 466 in
467 419 594 466 bello
619 417 915 479 occiderunt,
942 434 1089 483 quam
1121 419 1212 467 hos
1246 434 1378 478 cur0,
1406 419 1580 482 quibus
1613 434 1713 466 non
1746 416 1859 466 satis

287 500 501 558 facimus,
528 499 641 563 quia
664 500 879 548 vivimus,
955 516 998 561 3.
1036 499 1157 547 Mihi
1191 502 1230 548 si
1260 501 1468 563 spatium
1494 499 1632 547 fuerit
1655 501 1706 547 in
1731 499 1857 547 Tus-

285 582 512 629 culanum
538 590 649 628 ante
682 580 853 628 Nonas
886 582 1125 640 veniendi,
1151 582 1255 629 istic
1288 590 1335 629 te
1368 582 1543 629 videbo
1559 598 1572 642 ;
1610 581 1650 629 si
1682 581 1858 635 minus,

285 677 547 725 persequar
585 663 633 710 in
670 662 947 712 Cumanum
985 671 1032 712 et
1068 672 1177 712 ante
1213 672 1259 712 te
1296 664 1548 711 certiorem
1583 663 1771 721 faciam,
1808 669 1861 709 ut

286 743 458 792 lavatio
494 752 659 807 parata
693 745 765 793 sit.

611 879 687 923 87.
761 875 853 922 AD
889 874 1309 924 FAMILIARES
1347 875 1434 924 IX.
1475 878 1547 924 18.

289 971 398 1020 SCR.
434 987 481 1019 IN
518 971 814 1020 TUSCULANO
850 985 1074 1019 EXEUNTE
1111 986 1266 1018 MENSE
1302 970 1538 1029 Qunmu
1573 986 1710 1021 A.u.c.
1748 973 1859 1032 708.

820 1073 990 1108 CICERO
1024 1074 1060 1107 s,
1086 1075 1131 1107 n.
1158 1074 1328 1108 PAETO.

362 1169 403 1204 1.
441 1154 556 1204 CUM
591 1170 749 1203 essem
785 1155 968 1203 otiosus
1010 1155 1059 1201 in
1095 1154 1393 1214 Tusculano,
1430 1163 1687 1217 propterea
1728 1154 1859 1218 quod

288 1238 547 1300 discipulos
584 1237 777 1285 obviam
810 1236 1050 1295 miseram,
1077 1246 1127 1285 ut
1159 1237 1331 1285 eadem
1365 1252 1442 1284 me
1471 1252 1618 1299 quam
1651 1237 1859 1285 maxime

290 1320 599 1368 conciliarent
624 1314 847 1367 'familiari
883 1334 985 1377 suo,
1013 1320 1178 1382 accepi
1212 1328 1318 1368 tuas
1350 1320 1526 1367 litteras
1558 1319 1860 1381 plenissimas

291 1402 544 1460 suavitatis,
561 1417 624 1449 ex
643 1402 817 1464 quibus
842 1400 1049 1448 intellexi
1073 1402 1267 1464 probari
1291 1401 1376 1449 tibi
1401 1417 1563 1448 meum
1589 1401 1860 1460 consilium,

290 1484 437 1546 quod,
463 1491 516 1531 ut
539 1483 805 1545 Dionysius
830 1491 1075 1544 tyrannus,
1101 1498 1212 1530 cum
1240 1482 1486 1545 Syracusis
1519 1482 1684 1544 pulsus
1719 1490 1859 1540 esset,

293 1566 512 1615 Corinthi
539 1566 708 1613 dicitur
734 1565 900 1612 ludum
920 1566 1175 1627 aperuisse,
1198 1566 1266 1613 sic
1291 1580 1384 1627 ego
1409 1561 1629 1629 [sublatis
1655 1561 1860 1630 iudiciis]

292 1649 470 1698 amisso
507 1662 660 1709 regno
698 1647 878 1694 forensi
914 1647 1081 1694 ludum
1107 1647 1242 1709 quasi
1275 1646 1452 1694 habere
1485 1647 1744 1709 coeperim.
1821 1663 1861 1696 2.

291 1731 423 1791 Quid
449 1731 672 1794 quaeris?
705 1746 783 1778 me
803 1744 999 1793 quoque
1026 1730 1230 1778 delectat
1255 1730 1508 1778 consilium
1522 1745 1535 1790 3
1562 1730 1711 1777 multa
1734 1726 1868 1778 enim¹

291 1829 594 1876 consequor:
643 1814 865 1876 primurn,
908 1813 957 1861 id
1000 1813 1132 1875 quod
1181 1813 1391 1860 maxime
1439 1827 1570 1860 nunc
1611 1826 1735 1874 opus
1776 1820 1861 1871 est,

291 1897 459 1943 munio
485 1911 564 1943 me
589 1894 652 1943 ad
682 1895 801 1943 haec
836 1902 1070 1957 tempora.
1141 1894 1200 1942 Id
1233 1895 1369 1942 cuius
1403 1893 1536 1942 modi
1570 1894 1642 1952 sit,
1668 1894 1862 1953 nescio;

291 1987 477 2028 tantum
518 1977 676 2036 video,
713 1977 886 2025 nullius
936 1976 1094 2025 adhuc
1143 1976 1399 2024 consilium
1447 1991 1525 2023 me
1574 1975 1685 2023 huic
1732 1983 1864 2023 ante-

293 2075 490 2124 ponere,
515 2059 607 2106 nisi
632 2058 754 2106 forte
787 2058 910 2105 mori
945 2058 1115 2106 melius
1149 2057 1263 2106 fuit:
1301 2058 1350 2104 in
1374 2057 1564 2115 lectulo,
1589 2057 1753 2115 fateor,
1781 2057 1866 2104 sed

291 2158 392 2191 non
427 2140 627 2199 accidit;
663 2141 714 2187 in
746 2139 850 2186 acie
874 2153 975 2186 non
1000 2138 1081 2186 fui.
1153 2138 1313 2187 Ceteri
1349 2139 1559 2201 quidem,
1587 2138 1864 2201 Pompeius,

292 2225 526 2273 Lentulus
550 2231 674 2280 tuus,
703 2221 879 2283 Scipio,
908 2220 1135 2268 Afranius
1160 2220 1301 2268 foede
1326 2221 1581 2283 perierunt.
1633 2221 1718 2268 ‘At
1742 2221 1864 2269 Cato

294 2304 566 2371 praeclare!
638 2303 744 2351 Iam
795 2304 917 2351 istuc
973 2302 1185 2364 quidem,
1233 2317 1345 2350 cum
1399 2302 1630 2360 volemus,
1679 2302 1863 2350 licebitr

295 2389 465 2436 demus
506 2386 656 2435 modo
697 2400 896 2448 operam
939 2400 999 2432 ne
1042 2392 1139 2431 tam
1186 2398 1384 2431 necesse
1431 2383 1573 2430 nobis
1621 2383 1680 2431 sit
1720 2399 1866 2447 quam

294 2470 359 2518 illi
391 2469 505 2528 fuit;
542 2467 592 2516 id
615 2466 747 2530 quod
772 2465 973 2528 agimus.
1048 2480 1092 2526 3.
1127 2464 1262 2526 Ergo
1287 2464 1379 2512 hoc
1404 2464 1627 2526 primum.
1700 2464 1866 2527 Sequi-

295 2561 371 2599 tur
388 2550 531 2599 illud:
569 2550 674 2612 ipse
696 2548 867 2596 melior
891 2547 982 2604 fio;
1009 2541 1219 2609 primum
1244 2545 1528 2605 valetudine,
1554 2560 1700 2608 quam
1724 2547 1866 2594 inter-

297 2634 456 2681 missis
482 2630 898 2680 exercitationibus
924 2629 1210 2687 amiseram3
1249 2628 1423 2675 deinde
1453 2627 1560 2690 ipsa
1591 2626 1682 2685 illa,
1709 2628 1748 2675 si
1772 2642 1868 2690 qua

300 2715 383 2762 fuit
407 2715 456 2760 in
482 2728 574 2771 me,
598 2711 800 2760 facultas
824 2711 1069 2768 orationis,
1090 2709 1180 2757 nisi
1204 2724 1282 2758 me
1307 2709 1369 2757 ad
1393 2709 1479 2756 has
1504 2709 1868 2757 exercitationes

299 2795 599 2852 rettulissem,
628 2793 902 2842 exaruisset.
974 2791 1256 2840 Extremum
1279 2777 1396 2839 illud
1420 2798 1504 2848 est,
1530 2790 1663 2853 quod
1687 2798 1738 2838 tu
1761 2806 1867 2839 nes-
