2040 3048
274 106 292 143 1
305 91 373 141 86
727 103 791 143 M.
836 103 1034 142 TULLII
1070 102 1385 142 CICERONIS
1636 91 1750 157 [Pars
1777 102 1846 141 1v.

267 242 498 298 perpetua
522 249 638 297 erga
663 249 742 281 me
766 233 1105 282 benevolentia
1130 234 1312 282 scribas
1337 233 1399 281 ad
1424 247 1517 290 me,
1535 231 1651 294 quid
1670 231 1846 289 videaS,

268 316 384 380 quid
427 317 620 373 sentias,
657 316 773 378 quid
816 315 1212 378 exspectandum,
1251 315 1369 378 quid
1411 314 1655 376 agendum
1704 314 1847 360 nobis

268 398 523 445 existimes.
598 397 768 460 Magni
795 406 934 446 erunt
958 397 1075 445 mihi
1101 405 1210 446 tuae
1234 398 1448 456 litterae;
1486 403 1630 457 atque
1662 395 1848 442 utinam

267 479 435 542 primis
470 479 575 538 illis,
614 494 735 542 quas
774 479 981 528 Luceria
1015 479 1230 538 miseras,
1267 477 1567 542 paruisseml
1617 477 1717 525 sine
1753 475 1849 523 ulla

269 561 400 608 enim
424 561 647 608 molestia
671 561 953 623 dignitatem
978 576 1139 609 meam
1162 561 1478 609 retinuissem.

649 695 725 740 84.
802 692 900 741 AD
935 691 1264 741 ATTICUM
1300 691 1413 739 XII.
1453 707 1492 740 1.

273 787 380 837 ScR.
418 804 465 836 m
502 788 745 837 ARPINATI
781 805 825 838 A.
847 804 893 836 D.
919 804 1018 837 vm.
1046 787 1315 837 KALENDAS
1351 788 1518 836 IUNIAs
1555 803 1699 838 Auc-
1737 790 1848 848 708.

807 892 979 926 crcERo
1004 892 1181 925 ATT1co
1212 892 1314 924 SAL.

331 987 382 1022 J.
412 970 674 1021 UNDECIMo
701 971 777 1018 die
802 980 1062 1034 postquam
1088 987 1116 1018 a
1141 980 1188 1019 te
1208 971 1541 1028 discesseram,
1558 971 1652 1019 hoc
1669 970 1848 1019 litteru-

270 1053 422 1101 larum
449 1054 639 1101 exaravi
664 1054 918 1115 egrediens
952 1069 979 1101 e
1012 1053 1121 1100 villa
1156 1061 1267 1101 ante
1300 1053 1473 1111 lucem,
1500 1061 1644 1115 atque
1677 1068 1737 1100 eo
1771 1053 1851 1100 die

270 1135 544 1197 cogitabam
569 1136 617 1182 in
643 1135 921 1197 Anagnino,
947 1143 1145 1198 postero
1170 1143 1333 1183 autem
1356 1135 1407 1183 in
1431 1135 1745 1194 Tusculano;
1782 1135 1849 1182 ibi

270 1232 422 1265 unum
448 1217 591 1264 diem.
662 1232 707 1265 v.
728 1215 938 1266 Kalend.
962 1217 1106 1279 igitur
1131 1217 1193 1265 ad
1218 1217 1532 1265 constitutum
1546 1232 1559 1275 3
1595 1224 1738 1279 atque
1763 1217 1851 1263 uti-

271 1315 384 1346 nam
424 1299 655 1346 continuo
693 1298 754 1345 ad
791 1298 1102 1360 complexum
1138 1314 1276 1346 meae
1302 1298 1508 1357 Tulliae,
1534 1298 1596 1346 ad
1631 1299 1852 1346 osculum

273 1382 460 1428 Atticae
517 1381 700 1442 possim
758 1382 974 1428 currere!
1035 1380 1169 1443 quod
1218 1381 1416 1442 quidem
1473 1381 1632 1443 ipsum
1681 1382 1849 1439 scribe,

273 1477 470 1525 quaeso,
508 1462 569 1510 ad
610 1477 703 1519 me,
742 1470 809 1520 ut,
847 1463 964 1509 dum
1007 1463 1220 1511 consisto
1262 1463 1313 1510 in
1352 1463 1650 1520 Tusculano,
1688 1463 1850 1520 sciam,

273 1545 387 1606 quid
434 1545 622 1607 garriat,
673 1545 747 1592 sin
794 1545 1059 1603 rusticatur,
1102 1545 1217 1607 quid
1269 1545 1445 1592 scribat
1492 1545 1555 1592 ad
1602 1553 1663 1602 te,
1712 1546 1852 1608 eique

273 1628 452 1675 interea
487 1635 568 1674 aut
600 1626 780 1674 scribes
814 1625 1017 1674 salutem
1050 1634 1131 1674 aut
1163 1626 1419 1684 nuntiabis,
1446 1627 1657 1689 itemque
1690 1626 1851 1674 Piliae.

273 1709 334 1756 Et
359 1717 534 1767 tamen,
555 1709 643 1756 etsi
664 1708 897 1756 continuo
924 1709 1230 1770 congressuri
1256 1723 1438 1766 sumus,
1465 1708 1645 1756 scribes
1670 1709 1732 1756 ad
1757 1724 1850 1767 me,

275 1792 311 1839 si
338 1791 455 1854 quid
479 1791 693 1838 habebis.

344 1891 385 1921 2.
424 1872 550 1921 Cum
576 1872 922 1935 complicarem
946 1871 1073 1919 hanc
1099 1872 1366 1934 epistolam,
1392 1871 1764 1920 noctuabundus
1790 1872 1852 1919 ad

274 1971 349 2004 me
374 1955 504 2003 venit
528 1969 639 2003 cum
666 1954 871 2017 epistola
895 1962 978 2001 tua
1002 1953 1289 2011 tabellarius,
1308 1969 1404 2017 qua
1426 1953 1550 2001 lecta
1576 1954 1636 2001 de
1661 1954 1851 2002 Atticae

272 2037 500 2085 febricula
524 2037 702 2085 scilicet
728 2037 864 2084 valde
890 2036 1034 2085 dolui.
1100 2035 1319 2098 Reliqua,
1341 2051 1465 2100 quae
1491 2037 1850 2098 exspectabam,

272 2135 331 2168 ex
367 2119 460 2167 tuis
495 2119 658 2167 litteris
694 2119 902 2181 cognovi
946 2119 1140 2177 omnia;
1190 2119 1276 2166 sed
1316 2118 1450 2181 quod
1491 2119 1660 2167 scribis
1700 2119 1850 2181 ‘igni-

271 2202 432 2250 culum
455 2202 747 2250 matutinum
778 2200 1047 2263 γεροντικόν,’
1071 2204 1424 2262 γεροντικώτερον
1457 2209 1531 2249 est
1566 2203 1851 2249 memoriola

271 2283 514 2332 vacillare:
564 2298 658 2346 ego
707 2284 838 2331 enim
885 2298 971 2331 1111.
1015 2281 1127 2330 Kal.
1173 2282 1302 2330 Axio
1350 2283 1594 2341 dederam,
1635 2283 1721 2331 tibi
1767 2299 1851 2342 111.‚

273 2365 471 2426 Quint0‚
499 2381 598 2430 quo
636 2366 712 2415 die
748 2366 1002 2424 venissem,
1029 2366 1077 2412 id
1113 2373 1185 2413 est
1220 2365 1341 2427 prid.
1377 2364 1488 2414 Kal.
1560 2364 1674 2414 Hoc
1710 2366 1853 2427 igitur

274 2445 488 2503 habebis,
510 2445 622 2493 novi
648 2444 778 2492 nihil.
835 2443 967 2503 Quid
992 2458 1109 2506 ergo
1134 2458 1257 2505 opus
1282 2451 1383 2491 erat
1407 2443 1645 2506 epistola?
1694 2443 1852 2502 Quid?

275 2544 384 2577 curn
411 2543 576 2577 coram
603 2542 771 2576 sumus
796 2535 842 2575 et
864 2527 1102 2590 garrimus
1123 2526 1355 2589 quicquid
1380 2526 1429 2573 in
1454 2526 1694 2574 buccam?
1764 2527 1852 2575 Est

275 2610 493 2675 profecto
518 2610 750 2673 quiddam
783 2610 938 2668 λέσχη,
965 2624 1089 2671 quae
1114 2608 1273 2668 habet,
1300 2609 1443 2656 etiam
1470 2609 1510 2657 si
1533 2608 1647 2657 nihil
1674 2610 1852 2672 subest,

231 2752 233 2757 .
278 2692 594 2740 collocutione
619 2692 725 2754 ipsa
751 2691 1046 2739 suavitatem.
