2040 3048
322 77 423 131 242
786 78 849 117 M.
895 77 1089 118 TULLII
1127 76 1441 118 CICERONIS
1703 66 1817 134 [Pars
1844 77 1891 115 v.

317 215 476 257 vestro
523 223 652 257 anno
701 209 850 256 filium
898 225 1038 268 suum
1086 210 1334 259 consulem
1383 211 1594 259 futurum
1641 217 1777 271 putet
1827 208 1892 257 ob
1932 263 1934 265 ,

317 305 523 353 eamque
560 306 757 339 causam
793 307 844 339 se
880 291 990 339 huic
1027 292 1197 340 latroni
1233 293 1469 341 deservire
1511 307 1625 354 prae
1667 306 1719 338 se
1759 289 1890 337 ferat.

320 385 363 430 3.
401 370 530 418 Nam
568 370 624 419 L.
656 370 801 419 Cotta
836 371 1079 420 familiaris
1114 388 1250 421 meus
1286 373 1414 421 fatali
1451 372 1662 436 quadam
1697 371 1890 432 desper-

318 453 493 510 atione,
542 461 593 501 ut
648 453 728 511 ait,
775 454 935 501 minus
991 454 1041 501 in
1099 463 1318 503 senatum
1374 455 1533 514 venit3
1593 453 1649 501 L.
1699 452 1890 509 Caesar,

316 535 530 596 optimus
572 543 620 583 et
662 534 949 583 fortissimus
991 536 1119 595 civis,
1156 537 1425 585 valetudine
1461 537 1746 600 impeditur;
1790 533 1890 582 Ser.

321 615 560 679 Sulpicius
595 624 642 664 et
684 632 876 666 summa
916 619 1197 667 auctoritate
1237 628 1284 667 et
1326 619 1509 681 optime
1545 618 1755 666 sentiens
1791 631 1891 664 non

317 698 469 746 adest.
541 698 776 761 Reliquos
813 699 1026 762 exceptis
1065 700 1326 762 designatis
1362 702 1561 762 ignosce
1585 699 1702 747 mihi
1726 699 1764 746 si
1789 714 1890 746 non

317 794 521 828 numero
547 781 838 829 consulares.
911 781 1080 830 Habes
1106 792 1326 831 auctores
1352 783 1538 831 consilii
1566 781 1771 845 publici:
1809 781 1889 844 qui

315 877 548 910 numerus
584 864 729 910 etiam
770 863 913 911 bonis
954 865 1099 912 rebus
1141 865 1345 927 exiguus
1386 873 1526 923 esset,
1563 864 1678 926 quid
1718 878 1889 911 censes

316 943 548 1005 perditis?
585 959 682 1007 qua
716 960 768 993 re
804 960 917 1008 spes
953 954 1027 994 est
1061 947 1222 994 omnis
1257 947 1307 993 in
1342 947 1492 1005 vobiS‚
1519 946 1600 1009 qui
1636 945 1677 994 si
1710 945 1888 993 idcirco

316 1026 589 1083 abestis‚⁴ut
621 1026 721 1075 sitis
753 1026 804 1074 in
836 1035 953 1086 tuto,
979 1043 1041 1075 ne
1077 1028 1127 1074 in
1161 1028 1298 1076 vobis
1333 1027 1563 1090 quidem:
1602 1028 1677 1075 sin
1712 1025 1889 1090 aliquid

316 1108 517 1170 dignum
547 1116 704 1156 vestra
732 1108 886 1170 gloria
916 1110 1153 1171 cogitatis,
1179 1110 1322 1157 velim
1355 1110 1494 1158 salvis
1528 1109 1698 1168 nobis;
1736 1109 1810 1157 sin
1841 1107 1888 1154 id

314 1190 489 1247 minus,
515 1205 591 1238 res
626 1198 790 1238 tamen
813 1191 1009 1254 publica
1033 1207 1119 1254 per
1142 1206 1229 1240 vos
1254 1192 1383 1239 brevi
1407 1201 1627 1255 tempore
1651 1192 1724 1238 ius
1749 1205 1889 1238 suum

314 1272 610 1334 reciperabit.
680 1271 790 1334 Ego
834 1273 927 1321 tuis
969 1288 1128 1336 neque
1172 1274 1343 1322 desum
1391 1289 1551 1338 neque
1592 1274 1771 1322 deero:
1808 1272 1890 1335 qui

314 1354 410 1401 sive
452 1354 515 1401 ad
555 1369 635 1402 me
676 1354 882 1402 referent
921 1356 1018 1402 sive
1058 1372 1147 1403 non
1192 1358 1402 1418 rqfi’renl,
1440 1372 1551 1404 mea
1595 1355 1679 1402 tibi
1727 1363 1887 1403 tamen

313 1435 646 1483 benevolentia
681 1436 898 1499 fidesque
934 1438 1264 1499 praestabitur.
1337 1437 1471 1485 Vale.

612 1563 722 1608 119.
791 1559 886 1607 AD
922 1560 1342 1609 FAMILIARES
1379 1561 1490 1609 XII.
1529 1578 1605 1623 23.

466 1652 577 1704 ScR.
606 1654 787 1710 ROMAE
823 1671 976 1704 MEmo
1013 1671 1170 1705 MENSE
1204 1656 1426 1705 OCTOBRI
1463 1674 1600 1708 A.U.c.
1630 1672 1742 1721 710.

799 1760 970 1794 CICERO
1006 1761 1276 1795 CORNIFICIO
1311 1762 1432 1795 SAL.

386 1856 425 1889 1.
475 1839 664 1888 OMNEM
717 1840 1058 1888 condicionem
1105 1841 1293 1904 imperii
1340 1842 1406 1889 tui
1454 1849 1727 1906 statumque
1774 1860 1883 1907 pro-

311 1922 495 1969 vinciae
533 1921 650 1968 mihi
692 1921 1037 1969 demonstravit
1079 1921 1342 1970 Tratorius.
1413 1921 1461 1972 O
1503 1924 1652 1971 multa
1690 1925 1884 1974 intoler-

311 2004 455 2052 abilia
478 2003 598 2051 locis
623 2003 878 2051 omnibus!
940 2003 1037 2051 Sed
1062 2020 1159 2066 quo
1190 2014 1272 2051 tua
1299 2005 1454 2052 maior
1478 2006 1684 2067 dignitas
1707 2013 1782 2066 est,
1808 2024 1881 2066 eo,

311 2101 436 2149 quae
461 2085 543 2133 tibi
569 2085 859 2143 acciderunt,
885 2085 1045 2133 minus
1070 2086 1295 2144 ferenda3
1333 2101 1491 2149 neque
1515 2088 1658 2146 enim,
1683 2103 1808 2150 quae
1832 2099 1883 2137 tu

310 2174 505 2233 propter
532 2167 919 2229 magnitudinem
951 2175 999 2214 et
1030 2168 1177 2214 animi
1208 2173 1252 2214 et
1279 2167 1459 2229 ingenii
1491 2169 1738 2217 moderate
1772 2170 1880 2229 fers,

310 2265 367 2298 ea
390 2264 491 2298 non
515 2248 794 2297 ulciscenda
819 2256 943 2304 sunt,
970 2249 1115 2295 etiam
1140 2249 1179 2295 si
1209 2264 1310 2296 non
1343 2257 1455 2296 sunt
1489 2249 1713 2299 dolenda.
1785 2251 1882 2300 Sed

310 2331 431 2381 haec
479 2331 731 2393 posterius.
800 2334 859 2376 '2.
910 2329 1090 2377 Rerum
1140 2331 1428 2378 urbanarum
1477 2339 1584 2379 acta
1630 2333 1713 2380 tibi
1760 2334 1881 2382 mitti

311 2420 441 2462 certo
485 2413 587 2461 scio
606 2428 619 2472 ;
664 2411 797 2474 quod
834 2412 884 2459 ni
921 2411 984 2459 ita
1019 2419 1254 2474 putarem,
1292 2413 1394 2474 ipse
1436 2414 1794 2475 perscriberem,
1833 2416 1881 2465 in

311 2494 572 2556 primisque
604 2492 824 2542 Caesaris
862 2491 1115 2541 Octaviani
1153 2502 1412 2553 conatum3
1452 2494 1511 2542 de
1541 2510 1638 2558 quo
1670 2497 1880 2545 multitu-

311 2576 410 2626 dini
448 2576 611 2626 fictum
648 2576 709 2622 ab
745 2575 963 2623 Antonio
1002 2575 1183 2622 crimen
1219 2574 1418 2634 videtur,
1456 2584 1507 2623 ut
1542 2577 1591 2623 in
1627 2579 1881 2639 pecuniam

311 2657 630 2707 adulescentis
668 2656 907 2718 *impetum
945 2655 1147 2713 faceret;
1190 2657 1453 2718 prudentes
1489 2666 1651 2705 autem
1687 2667 1734 2706 et
1768 2660 1882 2708 boni

311 2739 394 2791 viri
420 2747 468 2790 et
484 2739 691 2786 credunt
716 2737 894 2787 factum
919 2745 965 2784 et
997 2738 1219 2799 probant.
1290 2737 1422 2796 Quid
1446 2740 1667 2803 quaeris?
1702 2756 1879 2803 magna
