2040 3048
162 125 231 176 Ep.
264 133 351 178 130,
379 113 491 183 131.]
543 123 731 163 EPIST.
759 124 840 163 AD
865 125 1239 164 FAMJLJARES
1278 126 1331 165 x.
1364 129 1447 183 27.
1633 129 1733 184 257

157 258 283 299 esset
312 250 482 309 futura,
516 251 687 299 vellem
721 259 883 299 tamen
918 267 1055 300 meae
1089 266 1284 315 quoque
1319 251 1612 301 auctoritatis
1645 267 1735 315 pro

158 331 374 393 plurimis
412 332 588 381 nostris
630 332 1066 380 necessitudinibus
1108 341 1418 396 praeceptum
1460 334 1523 382 ad
1564 341 1611 382 te
1653 333 1734 381 ali-

158 414 291 477 quod
324 414 586 477 pervenire.
659 413 816 462 Crede
850 415 990 477 igitur
1023 414 1152 472 mihi,
1180 414 1371 474 Plance,
1398 430 1584 474 omnes,
1613 430 1735 479 quos

159 495 314 544 adhuc
339 497 518 560 gradus
543 495 787 559 dignitatis
813 506 1102 544 consecutus
1135 497 1320 545 sis—es
1346 507 1506 545 autem
1532 498 1735 561 adeptus

159 578 562 642 amplissimos—‚
613 593 701 627 eos
746 577 988 626 honorum
1036 579 1271 627 vocabula
1323 579 1586 638 habituros,
1635 594 1736 627 non

159 661 400 723 dignitatis
435 661 656 724 insignia,
693 661 784 708 nisi
819 669 865 708 te
905 676 1017 709 cum
1055 661 1269 710 libertate
1311 662 1480 725 populi
1522 661 1735 710 Romani

159 753 206 792 et
253 758 364 791 cum
412 754 605 791 senatus
662 743 942 791 auctoritate
995 744 1317 792 coniunxeriS.
1408 743 1620 807 Seiunge
1675 754 1735 801 te,

158 840 356 889 quaeso,
382 825 641 887 aliquando
677 826 740 873 ab
776 826 847 884 iis,
874 839 987 873 cum
1023 826 1196 888 quibus
1231 833 1278 874 te
1311 841 1413 874 non
1446 835 1581 874 tuum
1614 826 1736 874 iudi·

159 909 301 966 cium,
328 907 413 955 sed
445 915 721 970 temporum
745 907 899 955 vincla
924 908 1291 956 coniunxerunt.
1365 923 1408 969 3.
1448 907 1738 971 Complures

160 992 208 1039 in
256 990 613 1053 perturbatione
652 989 719 1037 rei
766 989 987 1052 publicae
1030 990 1308 1038 consulares
1359 991 1486 1049 dicti,
1529 1005 1739 1054 quorum

160 1087 306 1120 nemo
332 1071 597 1120 consularis
622 1070 811 1119 habitus
836 1077 903 1118 est
929 1071 1020 1119 nisi
1044 1073 1126 1134 qui
1162 1072 1325 1120 animo
1352 1073 1529 1120 exstitit
1563 1074 1612 1120 in
1635 1087 1738 1120 rem

160 1154 403 1217 publicam
445 1154 698 1202 consulari.
770 1153 944 1201 Talem
991 1154 1134 1216 igitur
1171 1162 1218 1202 te
1259 1169 1365 1202 esse
1407 1162 1612 1217 oportet,
1658 1154 1739 1218 qui

161 1235 368 1296 primum
425 1242 472 1282 te
525 1236 587 1283 ab
642 1235 902 1298 impiorum
958 1234 1132 1282 civium
1190 1235 1257 1282 tui
1312 1234 1739 1283 dissimillimorum

162 1317 388 1365 societate
427 1318 668 1380 seiungas,
707 1317 881 1365 deinde
918 1324 964 1365 te
1002 1317 1189 1365 senatui
1231 1318 1473 1380 bonisque
1511 1318 1740 1366 omnibus

163 1406 424 1457 auctorem,
474 1399 757 1462 principem,
807 1399 982 1446 ducem
1042 1400 1291 1460 praebeas,
1341 1408 1588 1462 postremo
1645 1397 1739 1466 [ut]

163 1497 334 1544 pacem
366 1497 473 1530 esse
505 1482 688 1531 iudices
721 1497 824 1530 non
859 1483 909 1530 in
945 1483 1089 1530 armis
1126 1482 1310 1545 positis,
1348 1483 1436 1531 sed
1469 1483 1520 1530 in
1553 1483 1742 1530 abiecto

163 1579 408 1613 armorum
436 1572 485 1614 et
514 1565 750 1614 servitutis
783 1572 930 1614 metu.
1003 1564 1144 1613 Haec
1177 1565 1217 1613 si
1249 1573 1296 1613 et
1329 1580 1446 1628 ages
1475 1573 1523 1614 et
1549 1565 1742 1623 senties,

163 1656 265 1695 tum
304 1647 396 1695 eris
437 1662 537 1694 non
584 1647 736 1695 modo
780 1647 951 1695 consul
992 1655 1039 1694 et
1087 1646 1367 1705 consularis,
1409 1646 1493 1695 sed
1535 1661 1744 1708 magnus

165 1729 308 1777 etiam
346 1728 516 1777 consul
553 1737 602 1776 et
642 1728 937 1787 consularis3
989 1729 1062 1776 sin
1098 1728 1244 1788 aliter,
1281 1737 1385 1777 tum
1421 1730 1470 1776 in
1506 1729 1608 1777 istis
1643 1744 1744 1776 am-

166 1810 391 1873 plissimis
427 1810 706 1859 nominibus
745 1811 987 1858 honorum
1025 1825 1125 1858 non
1167 1811 1319 1859 modo
1357 1810 1564 1873 dignitas
1616 1810 1746 1859 nulla

167 1892 264 1951 erit,
292 1893 378 1940 sed
403 1893 490 1941 erit
519 1907 711 1941 summa
737 1891 1026 1941 deformitas.
1101 1891 1242 1941 Haec
1267 1892 1501 1955 impulsus
1534 1893 1745 1940 benevo-

167 1974 312 2022 lentia
347 1974 516 2037 scripsi
551 1974 696 2037 paulo
734 1974 957 2034 severius,
994 1989 1119 2038 quae
1162 1981 1214 2022 tu
1259 1975 1307 2021 in
1350 1973 1647 2036 experiendo
1690 1989 1747 2022 ea

169 2056 366 2114 ratione,
392 2071 517 2119 quae
549 2064 596 2104 te
622 2056 770 2119 digna
803 2064 889 2115 est,
916 2071 1027 2104 vera
1060 2071 1165 2105 esse
1200 2071 1488 2118 cognosces,
1559 2055 1620 2104 D.
1646 2071 1746 2106 xm.

168 2136 278 2186 Kal.
304 2138 422 2201 Apr.

485 2273 593 2318 131.
665 2269 762 2318 AD
800 2269 1221 2318 FAMILIARES
1260 2268 1322 2317 X.
1362 2280 1438 2331 27.

410 2363 518 2414 ScR.
558 2363 740 2414 ROMAE
774 2380 930 2414 MENSE
967 2364 1174 2414 MARTIO
1210 2379 1348 2415 A.U.C.
1389 2376 1501 2427 711.

699 2467 870 2504 CICERO
908 2469 1082 2503 LEPIDO
1117 2469 1217 2502 SAL.

248 2565 288 2598 1.
327 2548 475 2608 Quon
522 2548 638 2597 mihi
685 2565 775 2613 pro
817 2566 1008 2598 summa
1043 2567 1139 2598 mea
1181 2565 1297 2613 erga
1331 2559 1378 2600 te
1414 2551 1748 2601 benevolentia

175 2646 382 2694 magnae
430 2645 571 2679 curae
619 2639 704 2690 est,
752 2641 804 2681 ut
852 2648 996 2696 quam
1046 2633 1342 2695 amplissima
1388 2633 1619 2695 dignitate
1668 2635 1747 2694 siS,

176 2713 378 2762 moleste
415 2712 499 2759 tuli
535 2720 582 2760 te
619 2715 804 2763 senatui
840 2716 1016 2777 gratias
1050 2730 1152 2763 non
1190 2716 1359 2777 egisse,
1387 2730 1494 2763 cum
1530 2732 1662 2765 esses
1687 2718 1749 2766 ab

178 2812 238 2846 eo
271 2794 439 2844 ordine
476 2802 672 2844 ornatus
710 2797 909 2846 summis
946 2797 1224 2846 honoribus.
1295 2797 1435 2846 Pacis
1470 2799 1590 2847 inter
1623 2801 1749 2850 cives

951 2893 974 2927 s
