2040 3048
308 85 409 142 114
758 81 817 128 M.
866 82 1067 128 TULLII
1104 82 1421 128 CICERONIS
1692 69 1801 146 [Pars
1827 84 1878 126 11.

300 214 487 276 equites
509 221 619 262 ante
646 223 825 262 certam
853 215 981 262 diem
1015 214 1320 273 decederent,
1347 216 1412 262 ob
1437 229 1641 276 eamque
1667 229 1877 271 causam,

299 304 403 344 tum
428 297 492 344 ob
518 304 700 344 ceteras
728 296 976 344 Salaminii
1005 312 1097 346 nos
1133 298 1181 343 in
1206 297 1393 344 caelum
1419 296 1622 344 decretis
1652 297 1751 344 suis
1776 311 1880 343 sus-

299 378 521 427 tulerunt.
598 378 696 426 Sed
743 379 838 426 iam
886 379 1003 442 quid
1051 394 1176 441 opus
1218 378 1464 441 equitatu?
1521 378 1712 426 solvunt
1750 378 1880 426 enim

301 458 572 524 Salaminii:
611 460 703 507 nisi
736 459 857 507 forte
893 460 942 507 id
973 460 1194 508 volumus
1230 460 1374 508 armis
1409 459 1610 518 efficere,
1635 467 1688 507 ut
1710 459 1881 506 faenus

299 541 542 602 quaternis
577 542 851 590 centesimis
887 542 1079 590 ducant.
1148 540 1212 589 Et
1245 557 1340 605 ego
1374 542 1568 590 audebo
1593 542 1752 604 legere
1777 557 1880 588 um-

299 637 446 684 quam
482 631 564 670 aut
600 623 833 685 attingere
869 638 955 671 eos
991 624 1152 682 libros,
1191 638 1316 686 quos
1353 631 1403 671 tu
1441 624 1672 683 dilaudas,
1712 624 1751 671 si
1787 624 1880 671 tale

298 704 415 767 quid
441 704 634 753 fecero?
671 703 845 763 Nimis,
862 705 1015 762 nimis,
1032 705 1247 768 inquam,
1273 705 1324 752 in
1348 706 1441 753 isto
1466 705 1670 753 Brutum
1695 706 1879 762 amasti,

298 786 575 835 dulcissime
623 787 797 845 Attice,
841 802 932 835 nos
980 802 1147 849 vereor
1194 802 1256 834 ne
1303 802 1489 849 parum.
1562 787 1722 850 Atque
1761 787 1880 834 haec

298 868 468 930 scripsi
503 882 596 929 ego
633 868 695 916 ad
731 867 936 916 Brutum
974 868 1225 931 scripsisse
1259 876 1306 916 te
1336 869 1399 916 ad
1431 883 1524 917 me.
1602 884 1676 916 10.
1748 867 1879 931 Cog-

297 964 448 999 nosce
480 964 610 996 nunc
643 956 813 997 cetera.
886 948 982 996 Pro
1017 948 1182 1011 Appio
1216 963 1308 996 nos
1344 948 1422 996 hic
1458 950 1624 997 omnia
1659 949 1876 1007 facimus,

297 1030 501 1079 honeste
547 1037 726 1088 tamen,
776 1030 863 1078 sed
909 1030 1053 1092 plane
1101 1030 1306 1078 libenter
1324 1046 1338 1089 ;
1399 1046 1491 1078 nec
1539 1031 1670 1078 enim
1716 1032 1878 1094 ipsum

296 1112 489 1160 odimus
525 1120 572 1159 et
608 1111 810 1160 Brutum
846 1127 1083 1170 amamus,
1115 1119 1162 1159 et
1198 1111 1464 1174 Pompeius
1499 1112 1698 1160 mirifice
1733 1128 1763 1160 a
1797 1128 1877 1160 me

297 1194 558 1252 contendit,
595 1209 742 1256 quem
782 1194 1059 1242 mehercule
1100 1194 1209 1256 plus
1247 1194 1452 1256 plusque
1491 1194 1540 1241 in
1575 1195 1676 1243 dies
1711 1195 1872 1257 diligo.

297 1274 352 1323 C.
380 1273 600 1323 Caelium
627 1284 935 1338 quaestorem
961 1275 1055 1323 huc
1090 1274 1251 1322 venire
1277 1275 1464 1323 audisti.
1535 1274 1731 1335 Nescio,
1761 1277 1876 1340 quid

297 1342 355 1405 sit
369 1373 381 1415 ;
421 1357 507 1405 sed
531 1357 813 1418 Pammenia
837 1354 914 1404 illa
938 1356 1056 1404 mihi
1087 1371 1190 1405 non
1216 1357 1417 1419 placent.
1492 1356 1603 1420 Ego
1628 1374 1708 1406 me
1733 1374 1876 1422 spero

298 1424 502 1487 Athenis
538 1438 642 1486 fore
676 1453 845 1486 mense
883 1437 1166 1500 Septembri.
1210 1438 1462 1486 ⁴Tuorum
1498 1439 1721 1488 itinerum
1758 1449 1875 1490 tem-

298 1536 419 1584 pora
453 1520 572 1568 scire
608 1535 725 1568 sane
760 1520 914 1568 velim.
986 1520 1192 1579 Εὐήθειιιν
1228 1519 1502 1583 Sempronii
1530 1522 1643 1569 Rufi
1668 1524 1877 1585 cognovi

297 1619 358 1651 ex
399 1602 602 1665 epistola
639 1601 943 1664 Corcyraea:
983 1601 1101 1664 quid
1138 1602 1362 1664 quaeris?
1383 1603 1590 1665 „invideo
1632 1605 1876 1667 potentiae

295 1684 520 1733 Vestorii.
592 1682 863 1746 Cupiebam
889 1683 1034 1731 etiam
1058 1698 1189 1731 nunc
1220 1683 1359 1746 plura
1390 1684 1582 1745 garrire,
1611 1685 1698 1733 sed
1721 1685 1874 1734 lucet:

293 1774 432 1829 urget
456 1766 609 1822 turba,
636 1764 826 1813 festinat
861 1765 1165 1826 Philogenes.
1238 1764 1436 1813 Valebis
1468 1765 1612 1827 igitur
1641 1774 1687 1814 et
1718 1769 1876 1818 valere

292 1848 463 1895 Piliam
497 1855 544 1896 et
577 1846 839 1896 Caeciliam
871 1854 1088 1895 nostram
1122 1847 1309 1895 iubebis
1339 1847 1502 1896 litteris
1535 1855 1583 1896 et
1618 1848 1824 1898 salvebis
1847 1866 1877 1899 a

294 1944 407 1978 meo
434 1927 686 1978 Cicerone.

627 2065 704 2110 39.
776 2061 872 2109 AD
908 2060 1330 2109 FAMILIARES
1367 2061 1476 2109 XV.
1504 2072 1550 2123 5.

759 2157 868 2206 SCR.
907 2157 1088 2206 ROMAE
1123 2173 1262 2206 A.U.c.
1305 2168 1415 2218 704.

653 2262 704 2295 M.
743 2262 868 2296 CATO
902 2262 939 2295 s,
976 2262 1022 2295 n.
1058 2262 1109 2295 M.
1145 2261 1369 2296 CICERONI
1404 2262 1502 2294 IMP.

367 2358 408 2402 1.
448 2341 596 2402 Quon
622 2351 670 2390 et
692 2357 769 2391 res
802 2342 994 2405 publica
1029 2357 1109 2390 me
1141 2350 1188 2389 et
1221 2350 1388 2390 nostra
1412 2342 1621 2390 amicitia
1643 2341 1872 2402 hortatur,

293 2425 508 2481 libenterv
526 2425 667 2484 facio,
691 2433 745 2472 ut
780 2432 913 2472 tuam
949 2425 1184 2482 virtutem,
1210 2424 1550 2482 innocentiam,
1578 2423 1874 2486 diligentiam

293 2506 540 2569 cognitam
564 2506 615 2554 in
639 2506 864 2554 maximis
898 2506 1040 2554 rebus
1076 2506 1209 2553 domi
1243 2505 1408 2568 togati,
1434 2506 1603 2553 armati
1629 2505 1746 2554 foris
1769 2506 1871 2568 pari

294 2587 525 2645 industria
560 2574 891 2641 administrare
927 2587 1198 2650 gaudeam:
1250 2587 1424 2649 itaque,
1463 2586 1595 2648 quod
1630 2602 1719 2649 pro
1757 2602 1871 2635 meo

293 2672 469 2727 iudicio
495 2672 651 2720 facere
671 2657 834 2734 potui,
860 2679 926 2725 ut,
946 2672 1223 2720 innocentia
1252 2671 1551 2733 consilioque
1588 2679 1671 2718 tuo
1706 2671 1870 2720 defen-

294 2769 398 2809 sam
432 2753 754 2816 provinciam,
795 2762 1034 2807 servatum
1071 2753 1414 2800 Ariobarzanis
1452 2768 1563 2800 cum
1606 2753 1716 2815 ipso
1758 2769 1871 2816 rege
