2040 3048
146 128 216 180 Ep.
238 127 306 181 66,
325 114 416 185 67.]
505 120 810 166 msam
848 124 1121 165 ATTICUM
1153 124 1231 165 tx.
1282 111 1359 164 18.
1621 121 1720 177 159

145 266 224 299 me
256 251 351 299 mei
384 250 587 300 similem
616 264 722 298 esse
756 256 803 297 et
833 249 938 297 illos
972 249 1056 297 sui.
1131 252 1175 295 3.
1214 246 1294 295 Tu
1328 245 1468 293 velim
1504 243 1623 290 mihi
1658 242 1720 290 ad

146 334 316 381 urbem
340 339 531 395 praesto
558 332 636 388 sis,
664 339 716 379 ut
749 330 843 378 tuis
876 330 1087 378 consiliis
1121 339 1265 392 atque
1303 327 1492 390 opibus,
1518 332 1570 373 ut
1603 339 1721 373 con-

148 415 293 473 suevi,
318 413 368 461 in
403 413 631 461 omnibus
667 413 811 461 rebus
847 420 979 459 utar.'
1036 409 1290 458 Dolabella
1324 417 1408 456 tuo
1445 406 1563 454 nihil
1599 406 1720 454 scito

146 495 263 542 mihi
303 509 410 543 esse
451 493 720 542 iucundius,
794 492 941 540 Hanc
983 493 1106 540 adeo
1147 492 1339 539 habebo
1380 490 1582 552 gratiam
1623 487 1717 544 illi;

147 591 306 638 neque
330 575 459 624 enim
483 575 615 623 aliter
639 574 795 623 facere
828 574 1030 636 poterit:
1066 580 1199 620 tanta
1232 571 1334 619 eius
1367 569 1656 625 humanitas,
1680 567 1720 614 is

149 674 332 718 sensus,
359 674 417 707 ea
440 658 489 706 in
514 673 591 705 me
617 665 690 704 est
713 654 1077 704 benevolentia.’
1128 697 1131 701 .

509 784 586 829 67.
660 779 754 828 AD
793 777 1118 827 ATTICUM
1155 775 1242 824 IX.
1286 778 1359 823 18.

242 875 350 927 Sca.
376 875 554 925 ARP1N1
588 891 634 924 A.
658 891 704 924 D.
730 891 793 923 w.
820 874 1090 923 KALENDAS
1126 873 1338 920 APRILES
1373 886 1509 919 Aue.
1543 880 1654 929 705.

674 979 845 1012 eiCERo
882 977 1060 1011 ATT1co
1096 976 1194 1009 SAL.

225 1079 267 1111 1.
305 1061 590 1117 UTRUMQUE
632 1075 691 1107 ex
728 1068 813 1107 tuo
851 1058 1081 1106 consilio:
1124 1071 1238 1104 narn
1275 1062 1323 1103 et
1358 1054 1512 1103 oratio
1547 1052 1634 1101 fuit
1668 1068 1727 1101 ea

152 1152 330 1202 nostra,
366 1152 418 1191 ut
457 1144 583 1191 bene
626 1141 788 1206 potius
830 1140 906 1188 ille
948 1139 1008 1187 de
1050 1139 1193 1186 nobis
1235 1137 1542 1193 existimaret,
1579 1150 1725 1198 quam

152 1227 329 1289 gratias
370 1232 546 1288 ageret,
583 1231 631 1271 et
670 1224 721 1270 in
758 1237 819 1270 eo
860 1222 1143 1277 mansimus,
1179 1235 1242 1267 ne
1283 1219 1346 1267 ad
1386 1219 1569 1266 urbem.
1639 1215 1729 1263 Illa

153 1308 435 1363 fefellerunt,
478 1305 668 1352 facilem
711 1303 846 1366 quod
887 1311 1196 1365 putaramus:
1245 1300 1362 1348 nihil
1408 1300 1504 1347 vidi
1550 1299 1726 1346 minus.

152 1389 389 1438 Damnari
413 1403 465 1437 se
489 1394 657 1435 nostro
690 1385 883 1443 iudicio,
908 1384 1143 1432 tardiores
1175 1382 1278 1431 fore
1311 1382 1538 1443 reliquos,
1565 1381 1604 1428 si
1636 1394 1728 1427 nos

153 1485 255 1519 non
299 1469 587 1525 venerimus,
635 1467 819 1525 dicere3
880 1479 989 1528 ego,
1039 1464 1320 1512 dissimilem
1376 1463 1566 1511 illorum
1621 1476 1727 1509 esse

95 1571 97 1573 ·
154 1567 363 1601 causam.
413 1550 541 1599 Cum
559 1549 736 1597 multa:
759 1548 890 1595 ‘veni
908 1548 1051 1608 igitur
1067 1555 1114 1595 et
1132 1562 1226 1611 age
1252 1546 1311 1594 de
1335 1543 1487 1607 pace.'
1530 1543 1726 1599 Meone,

155 1637 367 1697 inquam,
393 1633 654 1681 arbitratu?
727 1635 740 1657 ‘
756 1631 837 1678 An
871 1631 956 1678 tibi
972 1627 984 1646 ’
1010 1630 1164 1692 inquit
1190 1638 1200 1656 ‘
1218 1643 1312 1691 ego
1347 1627 1674 1690 praescribam
1690 1625 1726 1673 ?’

158 1717 250 1774 Sic,
273 1718 487 1778 inquam,
512 1729 671 1777 agam,
697 1713 885 1762 senatui
921 1726 1023 1760 non
1058 1712 1251 1773 placere
1285 1710 1336 1756 in
1374 1708 1640 1770 Hispanias
1664 1699 1729 1753 ⁴iri

157 1815 248 1848 nec
272 1798 509 1846 exercitus
533 1798 583 1844 in
608 1795 869 1844 Graeciam
893 1793 1220 1856 transportari,
1236 1791 1499 1854 multaque,
1515 1791 1728 1852 inquam,

158 1880 218 1928 de
244 1879 419 1927 Gnaeo
444 1877 723 1940 deplorabo,
785 1875 918 1923 Tum
941 1875 1045 1923 ille:
1072 1879 1187 1937 ‘ego
1213 1888 1326 1921 vero
1351 1874 1442 1920 ista
1466 1872 1559 1920 dici
1583 1868 1728 1918 nolo?

158 1962 233 2009 Ita
265 1960 511 2022 putabam,
541 1960 754 2021 inquam,
781 1958 867 2006 sed
899 1972 993 2019 ego
1027 1971 1087 2005 eo
1122 1956 1238 2003 nolo
1270 1955 1455 2013 adesse,
1483 1953 1617 2017 quod
1650 1960 1732 2000 aut

160 2043 228 2090 sic
251 2041 368 2089 mihi
393 2040 654 2089 dicendum
679 2048 750 2088 est
774 2039 1034 2101 multaque,
1054 2054 1177 2102 quae
1202 2037 1334 2085 nullo
1359 2036 1509 2084 modo
1533 2050 1731 2098 possem

162 2124 312 2183 silere,
338 2123 378 2172 si
413 2124 650 2181 adessem,
684 2129 766 2170 aut
801 2120 1243 2170 non'veniendum.
1317 2118 1519 2168 Summa
1554 2118 1654 2176 fuit,
1680 2126 1733 2165 ut

160 2205 251 2264 ille,
288 2204 426 2267 quasi
462 2205 643 2252 exitum
679 2218 930 2266 quaerens,
959 2205 1040 2252 ‘ut
1077 2200 1419 2250 deliberarem.’
1493 2199 1609 2247 Non
1645 2199 1733 2247 fuit

161 2287 455 2354 negandum.
522 2285 597 2334 Ita
629 2284 950 2333 discessimus.
1023 2282 1184 2332 Credo
1209 2283 1349 2345 igitur
1372 2282 1503 2331 hunc
1527 2297 1606 2329 me
1631 2297 1733 2330 non

163 2383 324 2415 amare
338 2383 351 2427 3
390 2375 438 2415 at
462 2382 556 2430 ego
579 2382 659 2415 me
684 2367 855 2424 amavi,
881 2364 1015 2429 quod
1039 2365 1156 2412 mihi
1180 2364 1279 2412 iam
1303 2363 1491 2426 pridem
1515 2378 1606 2411 usu
1630 2378 1733 2411 non

163 2449 304 2496 venit.
379 2464 422 2497 2.
453 2447 672 2510 Reliqua,
688 2463 719 2496 o
745 2447 823 2496 dil
861 2447 942 2510 qui
967 2446 1224 2494 comitatus
1245 2447 1254 2493 l
1293 2459 1432 2507 quae,
1451 2452 1504 2492 ut
1528 2452 1579 2492 tu
1605 2444 1733 2493 soles

165 2531 336 2588 dicere,
363 2531 527 2577 νεκυίαῑ
563 2531 612 2576 in
637 2544 734 2592 qua
757 2537 858 2577 erat
881 2531 912 2584 †
937 2542 1020 2576 ero
1046 2527 1212 2575 sceleri
1233 2529 1242 2574 1
1277 2541 1307 2573 o
1333 2541 1434 2574 rem
1466 2526 1732 2589 perditaml

165 2626 196 2660 o
222 2611 388 2674 copias
412 2611 715 2674 desperatas!
770 2609 916 2669 Quid,
942 2609 1065 2672 quod
1084 2608 1232 2655 Servii
1256 2607 1394 2665 filius,
1419 2608 1540 2669 quod
1566 2607 1734 2656 Titinii

165 2694 216 2743 in
240 2694 297 2747 iis
322 2693 487 2742 castris
519 2692 725 2750 fuerunt,
751 2693 926 2754 quibus
960 2690 1222 2753 Pompeius
1274 2690 1732 2740 circumsederetur!

166 2791 251 2825 sex
275 2775 491 2836 legiones
509 2788 522 2832 3
559 2774 760 2844 multum
789 2773 964 2835 vigilat,
989 2772 1162 2819 audet:
1199 2770 1381 2817 nullum
1414 2771 1554 2819 video
1586 2771 1729 2820 finem
