2040 3048
333 113 429 178 164
778 125 840 167 M.
884 125 1081 164 TULLII
1112 127 1421 165 CICERONIS
1686 114 1802 182 [Pars
1820 125 1894 166 111.

329 255 443 301 dum
476 254 597 303 haec
634 256 967 314 decernuntur,
994 270 1117 318 quae
1153 257 1250 304 iam
1287 265 1422 304 erunt
1460 255 1693 306 confecta.
1766 255 1825 303 Id
1858 255 1898 302 si

329 335 509 394 feceris,
537 345 583 383 et
612 351 705 398 ego
741 346 785 383 te
824 338 1063 400 sapienter
1095 337 1265 386 fecisse
1302 339 1527 385 iudicabo
1560 346 1606 384 et
1639 336 1897 384 Caesarem

328 422 427 464 non
453 417 686 466 offendes.

658 554 735 596 70.
807 548 902 596 AD
940 549 1358 598 FAMILIARES
1396 551 1460 598 II.
1504 551 1576 597 16.

528 644 636 694 Scss.
673 660 723 693 IN
759 644 971 694 CUMANO
1007 660 1163 694 MENSE
1198 647 1376 694 Aprum
1412 661 1549 695 A.u.c.
1591 657 1702 707 705.

692 749 741 781 M.
780 749 951 783 C1cERo
988 749 1084 781 IMP.
1121 749 1157 783 s.
1194 750 1239 782 D.
1277 750 1325 782 M.
1359 750 1545 783 CAELIO.

408 844 449 877 1.
487 828 675 878 MAGNO
706 829 874 877 dolore
904 845 983 877 me
1013 830 1301 879 adfecissent
1332 838 1440 878 tuae
1470 830 1666 890 litterae,
1692 832 1783 880 nisi
1808 833 1904 880 iam

332 917 379 957 et
403 911 520 957 ratio
550 911 656 972 ipsa
685 910 946 973 depulisset
979 926 1150 959 omnes
1182 912 1428 960 molestias
1461 920 1508 960 et
1545 912 1767 960 diuturna
1796 913 1903 960 des·

332 992 582 1053 peratione
606 1007 766 1039 rerum
799 992 1105 1042 obduruisset
1133 994 1322 1041 animus
1350 994 1411 1041 ad
1445 993 1662 1041 dolorem
1695 1009 1903 1053 novum;

333 1073 419 1120 sed
444 1081 620 1132 tamen,
642 1089 738 1136 qua
762 1090 813 1122 re
838 1074 1063 1122 acciderit
1087 1082 1139 1122 ut
1162 1090 1221 1122 ex
1247 1076 1367 1123 meis
1394 1076 1717 1138 superioribus
1741 1075 1906 1124 litteris

333 1153 382 1201 id
408 1155 718 1217 suspicarere,
746 1156 879 1218 quod
904 1157 1084 1214 scribis,
1110 1157 1300 1205 nescio:
1338 1158 1455 1220 quid
1479 1158 1610 1205 enim
1633 1158 1683 1205 in
1707 1158 1797 1206 illis
1821 1158 1908 1206 fuit

334 1245 521 1300 praeter
556 1238 802 1299 querelam
836 1239 1145 1300 temporum?
1194 1255 1318 1301 quae
1355 1254 1456 1287 non
1490 1255 1655 1287 meum
1691 1240 1907 1288 animum

334 1320 491 1382 magis
539 1319 794 1370 sollicitum
836 1319 1015 1368 habent
1061 1335 1209 1383 quam
1250 1328 1400 1368 tuum.
1473 1321 1603 1368 Nam
1651 1336 1752 1369 non
1799 1337 1907 1369 eam

337 1401 547 1462 cognovi
579 1401 733 1447 aciem
757 1401 938 1463 ingenii
962 1402 1043 1460 tui,
1071 1402 1205 1464 quod
1229 1402 1332 1464 ipse
1356 1402 1561 1460 videam,
1587 1410 1634 1450 te
1658 1402 1706 1449 id
1730 1411 1782 1450 ut
1806 1418 1908 1450 non

336 1490 502 1544 putem
542 1481 730 1534 videre:
778 1482 894 1530 illud
934 1483 1095 1542 miror,
1139 1483 1314 1531 adduci
1349 1483 1563 1546 potuisse
1602 1492 1663 1542 te,
1706 1486 1789 1547 qui
1829 1501 1908 1533 me

338 1563 527 1625 penitus
552 1578 698 1611 nosse
730 1563 944 1622 deberes,
969 1572 1022 1611 ut
1051 1565 1349 1612 existimares
1373 1573 1455 1612 aut
1487 1580 1565 1612 me
1598 1574 1698 1613 tam
1730 1567 1908 1629 impro-

337 1643 515 1702 vidum,
554 1645 635 1708 qui
677 1646 738 1692 ab
775 1645 982 1692 excitata
1016 1645 1209 1693 fortuna
1244 1646 1307 1693 ad
1349 1645 1627 1693 inclinatam
1669 1655 1716 1694 et
1754 1662 1909 1710 prope

339 1727 578 1774 iacentem
602 1726 938 1784 desciscerem,
966 1734 1046 1774 aut
1069 1735 1167 1774 tam
1190 1728 1561 1786 inconstantem,
1582 1737 1634 1775 ut
1658 1729 1910 1778 collectam

341 1808 544 1870 gratiam
579 1808 905 1856 florentissimi
939 1808 1149 1857 hominis
1186 1810 1485 1857 effunderem
1526 1826 1555 1857 a
1596 1826 1772 1873 meque
1809 1812 1911 1874 ipse

343 1890 599 1937 deficerem
633 1898 692 1949 et,
719 1890 853 1952 quod
886 1890 1020 1938 initio
1058 1906 1345 1954 semperque
1378 1891 1493 1953 fugi,
1520 1892 1642 1939 civili
1678 1893 1805 1941 bello
1840 1894 1911 1940 in-

342 1980 588 2020 teressem.
663 1989 706 2020 2.
745 1972 896 2031 Quod
925 1980 997 2020 est
1028 1973 1171 2035 igitur
1206 1989 1370 2021 meum
1408 1975 1570 2022 ‘triste
1595 1976 1912 2025 consilium’?

343 2061 395 2100 ut
426 2052 721 2100 discederem
746 2053 947 2100 fortasse
972 2054 1021 2101 in
1054 2054 1237 2116 aliquas
1274 2055 1594 2103 solitudines?
1630 2057 1758 2104 nosti
1781 2059 1912 2106 enim

344 2149 445 2181 non
491 2134 641 2181 modo
690 2133 927 2182 stomachi
973 2136 1083 2192 mei,
1134 2135 1267 2183 cuius
1313 2144 1364 2182 tu
1412 2135 1615 2183 similem
1662 2139 1913 2199 quondam

343 2215 573 2272 habebaS,
615 2215 702 2262 sed
742 2216 886 2263 etiam
927 2216 1179 2263 oculorum
1217 2217 1268 2263 in
1307 2216 1562 2264 hominum
1604 2218 1913 2267 insolentium

344 2295 626 2357 indignitate
651 2296 893 2345 fastidium
908 2314 922 2358 ;
958 2298 1145 2345 accedit
1177 2298 1321 2344 etiam
1353 2297 1557 2345 molesta
1588 2298 1707 2347 haec
1731 2315 1914 2363 pompa

344 2378 567 2426 lictorum
599 2392 822 2425 meorum
854 2393 1134 2440 nomenque
1159 2379 1359 2440 imperii,
1386 2394 1484 2441 quo
1511 2380 1753 2442 appellor:
1789 2397 1850 2429 eo
1876 2384 1914 2430 si

345 2474 491 2507 onere
528 2474 756 2518 carerem,
788 2460 1004 2522 quamvis
1040 2460 1196 2521 parvis
1233 2459 1398 2507 Italiae
1434 2460 1626 2508 latebris
1661 2470 1914 2511 contentus

347 2555 518 2588 essem.
592 2540 688 2588 Sed
729 2541 924 2588 incurrit
961 2540 1080 2587 haec
1122 2548 1287 2587 nostra
1323 2540 1484 2588 laurus
1523 2556 1625 2588 non
1666 2542 1824 2589 solum
1866 2544 1914 2590 in

347 2621 528 2679 oculos,
568 2621 653 2669 sed
690 2621 786 2669 iam
827 2621 973 2669 etiam
1013 2622 1063 2668 in
1098 2621 1292 2669 voculas
1334 2621 1695 2669 malevolorum.
1765 2622 1915 2682 Quod

349 2717 460 2749 cum
501 2701 566 2748 ita
608 2709 746 2760 esset,
790 2701 858 2748 nil
899 2709 1060 2749 tamen
1102 2716 1336 2763 umquam
1385 2702 1445 2750 de
1483 2702 1782 2764 profectione
1824 2705 1916 2751 nisi

349 2783 487 2831 vobis
534 2782 914 2845 adprobantibus
963 2782 1180 2844 cogitavi.
1252 2782 1350 2831 Sed
1397 2798 1507 2831 mea
1547 2783 1792 2846 praediola
1832 2785 1915 2832 tibi
