2040 3048
160 118 338 190 Ep.63.]
523 129 707 171 EPIST.
745 128 827 167 AD
864 128 1134 169 ATTJGUM
1172 129 1252 169 rx.
1300 133 1383 173 10.
1640 130 1740 189 153

158 261 447 322 cogitabam,
472 259 642 306 urbem
669 265 830 306 autem
863 267 909 306 et
942 259 1178 322 populum
1205 266 1421 306 nostrum
1448 259 1734 307 servandum

157 340 219 391 ad
254 341 674 396 immortalitatem,
703 348 938 402 quantum
975 342 1023 388 in
1060 342 1202 389 nobis
1240 348 1380 399 esset,
1418 342 1665 404 putabam,
1692 350 1735 388 et

156 434 319 474 tamen
350 438 462 487 spes
495 422 737 486 quaedam
773 438 852 471 me
882 423 1155 472 oblectabat
1186 423 1304 482 fore,
1329 431 1382 471 ut
1414 423 1592 486 aliquid
1624 438 1736 471 con-

156 507 336 554 veniret
368 505 543 568 potius,
571 519 716 568 quam
752 512 832 552 aut
864 504 942 552 hic
979 512 1165 553 tanturn
1200 504 1392 553 sceleris
1418 513 1500 552 aut
1531 505 1607 552 ille
1632 512 1736 552 tan·

155 597 258 636 tum
282 587 450 650 flagitii
477 586 762 634 admitteret.
836 586 947 633 Alia
970 601 1046 634 res
1081 601 1212 634 nunc
1244 594 1345 635 tota
1369 595 1455 645 est,
1483 587 1575 634 alia
1599 601 1738 635 mens

156 685 292 718 rnea:
330 669 417 727 sol,
442 677 494 716 ut
526 676 599 716 est
634 668 684 715 in
720 675 803 716 tua
827 668 1037 731 quadam
1064 668 1280 731 epistola,
1307 668 1543 716 excidisse
1566 668 1686 716 mihi
1712 684 1738 715 e

155 751 342 799 mundo
381 750 578 798 videtur.
652 747 720 797 Ut
757 758 972 812 aegroto,
1009 750 1125 812 dum
1163 750 1325 796 anima
1361 758 1447 808 est,
1481 765 1594 813 spes
1630 765 1737 798 esse

157 833 340 891 dicitur,
378 832 447 881 sic
483 846 593 894 ege,
631 831 795 894 quoad
832 831 1094 894 Pompeius
1130 832 1180 878 in
1229 831 1367 879 Italia
1405 831 1505 889 fuit,
1543 847 1738 894 sperare

155 930 258 962 non
306 914 494 962 destiti:
545 914 667 962 haee
714 928 794 961 me
829 913 1113 972 fefellerunt,
1157 920 1217 971 et,
1255 922 1308 962 ut
1345 929 1511 961 verum
1552 914 1738 977 loquar,

155 1004 286 1044 aetas
312 997 408 1044 iarn
433 1011 462 1044 a
487 995 721 1044 diuturnis
756 995 1003 1043 laboribus
1029 995 1213 1043 devexa
1237 996 1297 1043 ad
1326 996 1479 1044 otium
1505 995 1740 1044 domesti-

157 1093 321 1127 carum
368 1093 447 1125 me
494 1083 654 1125 rerum
695 1077 1010 1125 delectatione
1057 1077 1271 1126 mollivit.
1367 1076 1528 1136 Nunc,
1578 1079 1617 1126 si
1664 1078 1739 1126 vel

156 1160 425 1224 periculose
484 1159 838 1223 experiundum
889 1161 990 1218 erit,
1038 1160 1258 1223 experiar
1316 1168 1459 1219 certe,
1513 1168 1565 1207 ut
1622 1160 1739 1208 hinc

157 1243 356 1291 avolem.
429 1241 559 1290 Ante
602 1243 816 1305 oportuit
856 1241 1092 1302 fortasse;
1149 1242 1236 1290 sed
1278 1257 1349 1300 ea,
1388 1257 1513 1305 quae
1556 1242 1738 1305 scripsi,

157 1340 237 1374 me
277 1324 524 1373 tardarunt
562 1332 610 1372 et
651 1327 909 1373 auctoritas
955 1324 1168 1372 maxime
1205 1332 1300 1372 tua.
1375 1339 1418 1383 4.
1458 1322 1588 1371 Nam
1625 1339 1738 1372 curn

156 1407 220 1455 ad
267 1406 398 1454 hunc
443 1405 607 1453 locum
654 1406 907 1464 venissem,
957 1406 1109 1453 evolvi
1150 1405 1379 1453 volumen
1427 1406 1738 1468 epistolarum

155 1498 360 1546 tuarum,
399 1487 533 1552 quod
571 1503 665 1551 ego
703 1487 786 1535 sub
827 1487 969 1550 signo
1005 1487 1164 1536 habeo
1203 1502 1437 1550 servoque
1477 1487 1738 1550 diligentis-

157 1571 290 1620 sime.
360 1569 476 1618 Erat
511 1570 654 1632 igitur
688 1570 738 1617 in
775 1585 846 1628 ea,
873 1585 1020 1632 quarn
1056 1586 1102 1618 x.
1131 1568 1194 1617 K.
1221 1569 1362 1619 Febr.
1387 1570 1604 1629 dederas,
1641 1569 1737 1618 hoc

156 1653 336 1702 modoz
395 1651 509 1700 ‘sed
555 1652 819 1710 videamus,
868 1660 916 1699 et
966 1651 1166 1700 Gnaeus
1208 1651 1325 1715 quid
1366 1659 1478 1713 agat
1520 1660 1567 1700 et
1615 1652 1736 1700 illius

155 1735 366 1783 rationes
401 1748 633 1797 quorsum
667 1732 847 1781 fluant:
891 1733 1025 1796 quod
1059 1734 1098 1782 si
1135 1733 1224 1781 iste
1261 1733 1450 1780 Italiam
1484 1733 1734 1795 relinquet,

158 1817 300 1864 faciet
324 1816 527 1863 omnino
552 1815 678 1862 male
703 1823 763 1874 et,
780 1823 833 1862 ut
852 1830 946 1877 ego
966 1816 1206 1873 existimo,
1226 1817 1490 1875 ἀλογίστωςτ
1525 1815 1612 1863 sed
1632 1824 1734 1863 tum

158 1898 354 1946 demum
387 1897 587 1945 consilia
617 1905 785 1944 nostra
809 1897 1158 1945 commutanda
1183 1896 1351 1945 erunt!
1423 1895 1539 1945 Hoc
1565 1898 1734 1945 scribis

157 1989 270 2043 post
305 1980 434 2028 diem
469 1987 706 2042 quartum,
732 1994 880 2041 quam
915 1980 977 2026 ab
1002 1980 1121 2027 urbe
1148 1980 1469 2027 discessimus.
1544 1978 1736 2027 Deinde

158 2077 257 2109 v111.
276 2060 340 2108 K.
360 2060 497 2109 Febr.
521 2076 532 2108 ε
570 2065 787 2108 ‘tantum
811 2061 963 2108 modo
989 2060 1189 2109 Gnaeus
1209 2070 1374 2108 noster
1391 2076 1467 2119 ne,
1484 2069 1536 2108 ut
1567 2063 1736 2109 urbem

157 2141 400 2202 ἀλογίστως
423 2142 625 2204 reliquit,
651 2143 719 2190 sic
757 2141 945 2190 Italiam
967 2141 1242 2204 relinquat!
1314 2142 1505 2190 Eodem
1540 2143 1616 2190 die
1651 2144 1736 2191 das

158 2223 329 2272 alteras
365 2224 558 2283 litteras,
585 2225 759 2288 quibus
785 2224 903 2272 mihi
929 2225 1202 2273 consulenti
1227 2224 1508 2288 planissime
1532 2239 1735 2288 respon-

158 2307 266 2366 des3
303 2314 374 2354 est
398 2307 526 2355 enirn
547 2307 636 2355 sic:
675 2307 783 2356 ‘sed
807 2307 948 2355 venio
974 2308 1035 2355 ad
1053 2307 1458 2355 consultationem
1483 2315 1629 2355 tuam.
1689 2307 1736 2355 Si

160 2386 358 2434 Gnaeus
377 2387 515 2435 Italia
540 2388 678 2447 cedit,
695 2389 744 2435 in
763 2390 932 2436 urbem
956 2389 1259 2437 redeundum
1279 2396 1429 2451 puto;
1467 2404 1590 2451 quae
1607 2389 1736 2441 enirn

160 2469 268 2516 finis
293 2469 747 2531 peregrinationis?'
786 2470 901 2518 Hoc
927 2470 1044 2517 mihi
1081 2471 1224 2532 plane
1248 2469 1416 2528 haesit,
1442 2478 1490 2517 et
1514 2486 1645 2518 nunc
1670 2471 1736 2518 ita

160 2550 313 2608 video,
340 2550 576 2598 infinitum
599 2552 779 2600 bellum
805 2553 1022 2600 iunctum
1047 2552 1315 2599 miserrima
1347 2551 1475 2613 fuga,
1504 2566 1652 2614 quam
1685 2560 1735 2599 tu

161 2631 597 2695 peregrinationem
644 2634 884 2695 ὑποκορίζῃ.
962 2645 1006 2694 5.
1049 2633 1271 2697 Sequitur
1317 2636 1512 2693 χρησμὸς
1558 2649 1622 2682 vr.
1664 2632 1728 2681 K.

160 2713 471 2762 Februarias:
509 2719 521 2740 ‘
537 2729 643 2776 ego,
670 2716 709 2763 si
742 2715 1004 2778 Pompeius
1034 2723 1197 2762 manet
1221 2717 1269 2762 in
1296 2715 1432 2763 Italia
1457 2730 1547 2763 nec
1571 2730 1647 2762 res
1672 2716 1733 2763 ad

161 2795 434 2857 pactionem
476 2796 616 2851 venit,
652 2796 843 2858 longius
885 2796 1064 2844 bellurn
1100 2804 1219 2859 puto
1254 2796 1356 2844 fore
1374 2813 1389 2857 3
1434 2797 1507 2844 sin
1544 2797 1731 2845 Italiam
