2040 3048
182 159 253 209 Ep.
286 142 374 214 μ]
550 152 738 194 EPIST.
779 152 861 191 AD
898 151 1171 191 ATTJCUM
1207 153 1261 190 x.
1293 139 1341 191 8.
1657 142 1756 206 169

179 287 363 335 tionem
389 292 488 334 tarn
521 284 618 333 cito
654 282 879 341 amiserit,
906 281 1290 331 mansuetudinis
1323 281 1374 329 in
1400 280 1614 339 Metello,
1642 280 1757 328 divi-

179 369 348 416 tiarum
396 368 445 414 in
492 366 688 414 aerario.
760 366 881 423 Iam,
931 366 1108 428 quibus
1159 372 1318 413 utatur
1363 364 1437 412 vel
1493 364 1638 412 sociis
1685 362 1759 409 vel

177 449 509 508 ministris,‘si
555 449 586 495 ii
634 448 921 510 provincias,
966 448 1004 495 si
1053 448 1083 494 ii
1131 462 1234 494 rem
1282 446 1525 509 publicam
1572 451 1758 508 regent,

177 547 386 594 quorum
435 545 581 579 nemo
630 530 726 578 duo
773 545 970 577 menses
1017 530 1174 592 potuit
1221 529 1567 593 patrimonium
1617 542 1758 575 suum

176 614 482 676 gubernare?
555 623 598 674 7.
637 612 755 660 Non
781 619 893 660 sunt
917 611 1084 660 omnia
1108 611 1396 674 colligenda,
1422 626 1546 674 quae
1571 618 1622 657 tu
1647 625 1758 658 acu-

177 698 360 751 tissime
397 695 645 759 perspicis,
683 694 769 743 sed
805 703 969 742 tamen
1007 709 1065 742 ea
1100 709 1230 756 pone
1272 701 1384 741 ante
1423 692 1625 741 oculos:
1662 692 1758 738 iarn

175 778 425 840 intelleges
457 777 506 825 id
538 792 743 840 regnum
775 776 852 823 vix
887 784 1117 824 semestre
1154 791 1262 824 esse
1297 790 1458 838 posse.
1532 773 1683 833 Quod
1719 773 1758 820 si

176 876 253 907 me
288 860 514 918 fefellerit,
553 859 719 918 feram,
746 859 870 907 sicut
903 858 1039 906 multi
1077 858 1328 907 clarissimi
1363 857 1590 905 homines
1622 856 1674 903 in
1706 871 1758 903 re

175 943 370 1006 publica
417 941 709 990 excellentes
757 941 981 999 tulerunt,
1021 941 1114 988 nisi
1156 940 1280 988 forte
1322 954 1402 987 me
1443 938 1759 1001 Sardanapali

176 1025 329 1072 vicem
355 1020 427 1090 [in
452 1038 543 1072 suo
576 1020 771 1089 lectulo]
801 1023 923 1070 mori
955 1023 1097 1070 malle
1131 1022 1376 1070 censueris
1409 1037 1557 1084 quam
1590 1021 1759 1069 exsilio

177 1105 557 1163 Themistocleo,
583 1106 667 1168 qui
691 1121 804 1154 cum
829 1104 1011 1163 fuisset,
1036 1112 1090 1151 ut
1123 1105 1188 1152 ait
1213 1103 1544 1167 Thucydides,
1569 1109 1654 1150 τῶν
1684 1105 1761 1163 μὲν

176 1192 397 1248 παρόντων
429 1191 479 1234 δι’
518 1190 755 1249 ἐλαχίστης
786 1191 950 1246 βουλῆς
985 1190 1210 1248 κράτιστος
1243 1190 1432 1246 γνώμων,
1458 1192 1542 1232 τῶν
1577 1187 1623 1232 δὲ
1658 1190 1760 1244 μελ-

176 1273 343 1316 λόντων
379 1272 421 1318 ἐς
455 1273 664 1317 πλεῖστον
700 1274 775 1315 τοῦ
808 1268 1098 1330 γενησομένου
1132 1270 1311 1331 ἄριστος
1346 1268 1558 1327 εἰκοστῆς,
1593 1275 1758 1315 tamen

177 1353 342 1401 incidit
370 1353 421 1400 in
449 1367 535 1401 eos
568 1367 723 1410 caSUS,
751 1367 875 1415 quos
899 1352 1106 1410 vitasset,
1132 1352 1172 1399 si
1202 1366 1315 1399 eum
1347 1351 1466 1398 nihil
1501 1350 1745 1398 fefellisset

175 1434 279 1482 Etsi
313 1435 353 1483 iS
386 1442 501 1493 erat,
526 1442 579 1482 ut
609 1434 674 1482 ait
702 1435 847 1492 idem,
874 1434 957 1496 qui
990 1437 1040 1480 τὸ
1070 1435 1241 1492 ἄμεινον
1272 1436 1339 1479 καὶ
1370 1436 1420 1479 τὸ
1449 1437 1596 1493 χεῖρον
1633 1435 1677 1478 ἐν
1700 1438 1760 1495 τῷ

175 1519 335 1577 ἀφανεῖ
367 1519 431 1563 ἔτι
462 1520 572 1578 ἑώρα
601 1519 806 1575 μάλιστα,
839 1525 1004 1564 tamen
1041 1531 1143 1564 non
1175 1515 1304 1574 vidit,
1343 1531 1434 1564 nec
1470 1529 1570 1578 quo
1606 1515 1758 1563 modo

176 1599 679 1648 Lacedaemoniorum
723 1614 816 1647 nec
853 1614 952 1662 quo
991 1599 1143 1647 modo
1181 1613 1381 1646 suorum
1424 1598 1599 1645 civium
1640 1597 1758 1644 invi-

177 1682 308 1730 diam
355 1682 590 1744 effugeret
643 1697 735 1730 nec
783 1682 899 1745 quid
946 1681 1201 1729 Artaxerxi
1247 1681 1564 1743 polliceretur.
1641 1678 1757 1727 Non

175 1763 343 1813 fuisset
379 1764 459 1812 illa
494 1779 595 1813 nox
631 1772 733 1812 tam
768 1765 945 1813 acerba
976 1763 1225 1822 Africano,
1256 1763 1615 1826 sapientissimo
1640 1762 1757 1821 viro,

176 1861 278 1894 non
325 1856 426 1895 tam
473 1846 603 1894 dirus
651 1846 728 1894 ille
780 1845 882 1894 dies
932 1845 1156 1893 Sullanus
1204 1846 1516 1893 callidissimo
1555 1846 1657 1892 viro
1701 1844 1755 1893 C.

176 1928 352 1987 Mario,
386 1928 425 1977 si
461 1928 579 1975 nihil
614 1935 874 1991 utrumque
910 1943 1080 1976 eorum
1119 1927 1375 1976 fefellisset.
1448 1927 1556 1975 Nos
1595 1935 1759 1975 tamen

175 2011 270 2059 hoc
295 2010 642 2058 confirmamus
668 2010 749 2058 illo
780 2010 997 2072 augurio,
1025 2025 1123 2073 quo
1155 2010 1382 2067 diximus,
1409 2025 1501 2058 nec
1526 2025 1618 2058 nos
1643 2009 1760 2056 fallit

175 2108 267 2140 nec
303 2092 437 2140 aliter
473 2092 688 2140 accidet:
746 2094 790 2140 8.
842 2101 1036 2141 corruat
1071 2093 1160 2140 iste
1200 2107 1399 2161 necesse
1439 2100 1513 2140 est
1554 2099 1636 2139 aut
1674 2107 1759 2154 per

175 2175 476 2222 adversarios
505 2182 587 2222 aut
611 2175 715 2237 ipse
748 2189 835 2237 per
870 2190 937 2234 se,
962 2175 1045 2238 qui
1070 2175 1269 2239 quidem
1307 2175 1397 2222 sibi
1430 2182 1503 2222 est
1535 2174 1759 2222 adversa-

173 2258 270 2306 rius
299 2272 425 2305 unus
454 2258 714 2306 acerrimus
736 2275 751 2318 3
794 2258 844 2306 id
877 2273 1020 2321 spero
1054 2258 1170 2306 vivis
1204 2258 1348 2306 nobis
1381 2257 1499 2306 fore.
1571 2256 1759 2316 Quam-

174 2355 323 2402 quam
355 2347 548 2403 tempus
579 2347 653 2388 est
689 2355 781 2388 nos
814 2340 874 2388 de
903 2340 984 2388 illa
1019 2349 1252 2404 perpetua
1288 2341 1399 2398 iam,
1430 2355 1533 2388 non
1567 2339 1628 2388 de
1664 2339 1757 2387 hac

175 2423 349 2484 exigua
381 2421 477 2469 vita
511 2423 738 2484 cogitare.
811 2422 896 2470 Sin
933 2423 1051 2486 quid
1087 2423 1315 2471 acciderit
1351 2422 1601 2481 maturius,
1627 2421 1757 2470 haud

175 2518 291 2551 sane
327 2518 437 2551 mea
471 2504 676 2552 multum
715 2504 993 2564 interfuerit,
1031 2512 1190 2553 utrum
1229 2505 1412 2553 factum
1448 2505 1653 2563 videam,
1691 2520 1754 2552 an

176 2586 387 2632 futurum
412 2601 518 2633 esse
542 2587 694 2634 multo
720 2596 831 2635 ante
850 2587 1061 2635 viderim.
1130 2587 1271 2646 Quae
1297 2603 1408 2635 cum
1434 2588 1499 2635 ita
1524 2588 1632 2646 sint,
1651 2602 1753 2635 non

176 2676 250 2715 est
283 2668 700 2727 committendum,
724 2677 778 2717 ut
809 2670 865 2717 iis
895 2685 1106 2732 paream,
1135 2685 1258 2733 quos
1295 2678 1464 2717 contra
1499 2685 1579 2718 me
1613 2686 1751 2719 sena-

177 2758 268 2805 tus,
296 2764 357 2796 ne
383 2749 500 2811 quid
524 2765 599 2798 res
625 2751 817 2812 publica
843 2752 1113 2800 detrimenti
1140 2752 1393 2814 acciperet,
1420 2752 1632 2800 armavit.
1706 2769 1749 2814 9.

178 2829 292 2878 Tibi
341 2839 451 2878 sunt
502 2832 669 2879 omnia
727 2834 1082 2891 commendata,
1132 2848 1257 2895 quae
1314 2834 1752 2882 commendationis
