2040 3048
197 115 409 186 *sp-13⁵]
510 125 699 167 EPIST.
740 126 822 165 AD
858 125 1230 166 FAMILIARES
1267 125 1322 166 x.
1365 130 1449 183 30.
1669 115 1774 183 263

196 254 347 302 aciem
389 268 500 302 suas
543 253 708 315 copias
746 252 804 299 de
848 252 954 300 vico
991 252 1219 315 produxit
1256 260 1304 300 et
1340 252 1442 300 sine
1480 267 1619 300 mora
1659 266 1774 299 con-

196 335 350 384 currit.
419 334 582 382 Primo
618 333 684 382 ita
715 340 984 396 pugnatum
1009 342 1095 391 est,
1122 342 1175 382 ut
1200 334 1356 382 acrius
1390 348 1491 382 non
1522 340 1690 397 posset
1715 347 1775 380 ex

197 425 396 480 utraque
431 423 565 478 parte
597 415 802 477 pugnari
821 430 834 474 3
872 415 959 463 etsi
993 415 1235 464 dexterius
1268 430 1435 474 cornu,
1461 415 1513 463 in
1547 430 1644 479 quo
1681 430 1775 478 ego

198 514 326 548 eram
353 512 464 547 cum
490 496 692 544 Martiae
717 496 922 558 legionis
947 496 1228 546 cohortibus
1254 504 1381 555 octo,
1408 497 1592 559 impetu
1617 496 1775 559 primo

198 581 442 644 fugaverat
476 579 719 642 legionem
756 594 896 626 xxxv.
935 578 1153 636 Antonii,
1195 586 1248 627 ut
1287 579 1495 641 amplius
1538 593 1712 642 passus
1751 575 1776 602 '¹‘

197 664 318 711 ultra
352 663 505 711 aciem
533 658 654 726 [quo
690 661 800 708 loco
838 657 1056 726 steterat]
1084 661 1386 723 processerit.
1460 661 1631 723 Itaque
1668 676 1778 708 cum

197 745 380 808 equites
427 752 646 792 nostrum
694 758 846 791 cornu
893 742 1143 790 circumire
1191 741 1377 800 vellent,
1427 742 1640 803 recipere
1697 757 1776 789 me

197 824 338 886 coepi
361 831 409 871 et
438 822 592 870 levem
618 830 909 869 armaturam
933 835 1185 883 opponere
1211 819 1497 868 Maurorum
1523 820 1780 883 equitibus,

197 921 258 953 ne
282 919 476 952 aversos
501 910 694 951 nostros
719 902 1108 965 adgrederentur.
1181 901 1382 949 Interim
1402 901 1542 950 video
1568 916 1647 948 me
1673 917 1778 949 esse

199 988 320 1035 inter
356 986 663 1034 Antonianos
701 984 1067 1046 Antoniumque
1103 992 1215 1046 post
1260 999 1340 1032 me
1376 999 1483 1032 esse
1519 984 1780 1047 aliquanto.

200 1070 423 1131 Repente
457 1082 635 1130 equum
674 1066 850 1112 immisi
887 1065 948 1112 ad
973 1081 1084 1113 eam
1119 1066 1362 1128 legionem
1400 1066 1629 1124 tironum,
1655 1080 1781 1129 quae

174 1176 176 1178 ·
199 1151 420 1199 veniebat
445 1164 506 1196 ex
532 1148 714 1205 castris,
741 1154 879 1194 scuto
903 1146 1096 1194 reiecto.
1167 1147 1434 1195 Antoniani
1460 1163 1538 1194 me
1564 1148 1779 1210 insequi;

200 1232 350 1281 nostri
379 1231 476 1294 pila
501 1229 739 1277 coniicere
771 1228 919 1276 velle:
956 1228 1023 1275 ita
1058 1229 1225 1276 nescio
1263 1244 1362 1291 quo
1399 1229 1498 1277 fato
1535 1245 1644 1278 sum
1683 1244 1782 1277 ser-

199 1324 350 1373 vatus,
398 1312 532 1376 quod
580 1326 688 1359 sum
736 1311 832 1358 cito
874 1326 903 1357 a
950 1311 1127 1359 nostris
1175 1313 1414 1374 cognitus.
1489 1328 1532 1370 4.
1569 1311 1630 1358 In
1677 1311 1783 1373 ipsa

199 1396 419 1452 Aemilia,
457 1393 539 1440 ubi
576 1393 751 1440 cohors
790 1390 1011 1439 Caesaris
1049 1393 1290 1454 praetoria
1326 1401 1441 1450 erat,
1479 1393 1562 1441 diu
1596 1408 1782 1455 pugna·

200 1487 301 1526 tum
348 1484 434 1525 est.
507 1474 675 1524 Cornu
733 1475 1010 1533 sinisterius,
1061 1475 1196 1537 quod
1243 1483 1345 1523 erat
1402 1476 1651 1535 infirmius,
1699 1476 1782 1524 ubi

199 1559 404 1608 Martiae
427 1558 633 1620 legionis
659 1557 783 1605 duae
819 1557 1045 1605 cohortes
1079 1565 1215 1605 erant
1248 1566 1295 1605 et
1328 1557 1503 1606 cohors
1529 1559 1782 1620 praetoria,

201 1641 377 1705 pedem
402 1640 577 1688 referre
603 1648 882 1703 coeperunt,
907 1639 1040 1703 quod
1071 1640 1132 1687 ab
1158 1641 1373 1703 equitatu
1397 1641 1782 1699 circumibantur,

200 1739 298 1788 quo
321 1723 396 1771 vel
427 1721 685 1786 plurimum
720 1722 844 1769 valet
868 1723 1126 1770 Antonius.
1200 1721 1324 1770 Cum
1363 1737 1536 1771 omnes
1569 1738 1621 1771 se
1651 1739 1783 1772 rece-

200 1808 384 1870 pissent
419 1804 571 1852 nostri
607 1804 817 1862 ordines,
843 1805 1056 1867 recipere
1093 1820 1173 1852 me
1209 1805 1503 1853 novissimus
1541 1805 1684 1868 coepi
1720 1805 1781 1853 ad

201 1896 357 1938 castra
370 1903 384 1947 ;
443 1885 686 1934 Antonius
719 1893 969 1948 tamquam
993 1886 1143 1934 victor
1168 1895 1325 1935 castra
1350 1888 1532 1949 putavit
1557 1902 1609 1935 se
1635 1903 1782 1951 posse

201 1985 400 2034 capere:
452 1983 551 2032 quo
594 1983 707 2015 cum
739 1968 881 2025 venit,
924 1968 1199 2030 complures
1242 1969 1307 2016 ibi
1350 1969 1508 2017 amisit
1550 1985 1642 2018 nec
1684 1970 1783 2032 egit

200 2054 475 2117 quicquam.
545 2050 724 2098 Audita
756 2066 807 2099 re
842 2050 1029 2099 Hirtius
1055 2067 1167 2099 cum
1204 2051 1487 2100 cohortibus
1523 2068 1602 2100 xx.
1631 2060 1783 2100 veter-

199 2136 303 2184 anis
319 2132 538 2182 redeunti
557 2132 774 2180 Antonio
799 2133 848 2179 in
875 2148 962 2181 sua
987 2141 1145 2181 castra
1161 2134 1370 2182 occurrit
1395 2135 1664 2198 copiasque
1680 2136 1782 2183 eius

199 2231 372 2265 omnes
396 2215 567 2264 delevit
591 2214 868 2277 fugavitque
895 2214 1072 2262 eodem
1097 2215 1222 2273 loco,
1251 2217 1334 2264 ubi
1370 2224 1472 2264 erat
1497 2224 1782 2279 pugnatum,

201 2299 263 2347 ad
285 2298 465 2346 Forum
490 2296 743 2345 Gallorum
761 2312 774 2356 ;
812 2296 1058 2344 Antonius
1084 2312 1195 2344 cum
1221 2299 1460 2360 equitibus
1483 2296 1604 2346 hora
1627 2298 1783 2345 noctis

200 2387 368 2443 quarta
403 2393 454 2426 se
488 2378 538 2425 in
568 2387 724 2427 castra
756 2394 842 2426 sua
876 2378 937 2426 ad
963 2377 1206 2426 Mutinam
1239 2380 1453 2442 recepit;
1514 2390 1560 2440 5.
1596 2379 1785 2427 Hirtius

199 2463 250 2509 in
275 2477 334 2509 ea
357 2468 512 2509 castra
536 2461 687 2519 rediit,
713 2461 845 2510 unde
875 2462 1035 2510 Pansa
1068 2462 1261 2520 exierat,
1289 2463 1373 2510 ubi
1409 2462 1530 2511 duas
1566 2462 1784 2524 legiones

200 2543 468 2606 reliquerat,
489 2558 611 2606 quae
631 2544 693 2591 ab
713 2543 931 2591 Antonio
951 2551 1087 2591 erant
1106 2552 1434 2608 oppugnatae.
1500 2543 1578 2592 Sic
1597 2551 1782 2606 partem

201 2626 436 2674 maiorem
466 2640 660 2674 suarum
685 2625 935 2688 copiarum
961 2624 1204 2673 Antonius
1235 2626 1395 2673 amisit
1419 2634 1780 2685 veteranarum;

201 2724 292 2757 nec
339 2708 388 2755 id
436 2715 600 2756 tamen
651 2709 753 2756 sine
797 2708 957 2771 aliqua
1003 2708 1186 2758 iactura
1232 2708 1505 2757 cohortium
1553 2710 1782 2773 praetori-

202 2805 336 2839 arum
363 2798 633 2838 nostrarum
667 2797 713 2838 et
745 2789 950 2854 legionis
981 2789 1185 2838 Martiae
1212 2791 1311 2839 fieri
1337 2792 1506 2855 potuit.
1577 2791 1782 2856 Aquilae
