2040 3048
299 106 398 161 152
744 105 809 144 M.
855 105 1054 144 TULLII
1089 105 1406 144 CICERONIS
1653 96 1764 166 [Pars
1790 108 1864 148 111.

292 234 540 282 hominem
577 250 691 283 xmr.
720 233 846 283 Kal.
883 235 1021 283 Febr.
1059 235 1261 297 plenum
1299 235 1595 284 formidinis:
1640 237 1721 285 illo
1757 238 1864 300 ipso

293 316 369 364 die
417 319 559 375 sensi,
602 316 718 379 quid
764 324 929 378 ageret
945 333 959 376 3
997 331 1266 379 numquam
1305 317 1423 364 mihi
1465 326 1636 379 postea
1674 318 1865 380 placuit,

294 413 383 446 nec
405 412 639 461 umquam
669 397 798 445 aliud
823 413 882 446 ex
900 397 1003 445 alio
1029 412 1234 461 peccare
1261 399 1451 447 destitit.
1523 398 1651 447 Nihil
1676 401 1865 448 interim

293 478 355 526 ad
377 494 457 527 me
481 479 700 537 scribere,
726 478 843 526 nihil
871 479 962 526 nisi
991 478 1157 541 fugam
1183 481 1411 541 cogitare.
1484 478 1617 539 Quid
1641 482 1865 542 quaeris?

293 561 413 608 sicut
455 562 499 605 ἐν
532 564 622 607 τοῖς
658 563 869 621 ἐρωτικοῖς
907 560 1116 608 alienant
1154 561 1446 618 immundae,
1473 561 1697 620 insulsae,
1732 563 1865 610 inde-

293 657 449 700 corae,
498 642 566 690 sic
612 656 692 689 me
738 641 861 690 illius
917 641 1060 704 fugae
1106 641 1540 705 neglegentiaeque
1588 642 1866 692 deformitas

292 724 457 771 avertit
480 723 541 770 ab
567 737 758 781 amore;
796 722 912 771 nihil
944 724 1073 771 enim
1098 723 1299 785 dignum
1324 723 1543 782 faciebat,
1570 739 1666 787 qua
1690 740 1740 773 re
1764 726 1867 774 eius

293 806 434 868 fugae
481 806 708 854 comitem
754 820 856 854 mev
881 805 1208 868 adiungerem.
1280 805 1425 854 Nunc
1467 808 1669 869 emergit
1714 822 1866 865 amor,

293 902 422 936 nunc
449 887 736 935 desiderium
761 887 882 935 ferre
908 902 1010 935 non
1035 901 1251 950 possum,
1277 902 1410 935 nunc
1442 887 1561 934 mihi
1596 888 1712 935 nihil
1746 889 1865 947 libri,

292 968 407 1017 nihil
442 963 636 1026 litterae,
673 966 788 1015 nihil
826 968 1044 1016 doctrina
1079 968 1308 1030 prodest:
1362 968 1426 1016 ita
1467 968 1570 1016 dies
1610 977 1657 1017 et
1697 978 1867 1017 noctes

293 1058 540 1112 tamquam
565 1050 662 1097 avis
688 1050 776 1108 illa,
803 1064 935 1098 mare
969 1048 1245 1112 prospecto,
1271 1049 1460 1097 evolare
1485 1050 1658 1112 cupio3
1696 1051 1775 1108 do,
1801 1050 1866 1098 do

293 1147 477 1194 poenas
512 1132 788 1180 temeritatis
823 1145 976 1179 meae.
1046 1130 1150 1178 Etsi
1187 1145 1311 1192 quae
1347 1130 1435 1177 fuit
1470 1130 1550 1178 illa
1589 1133 1864 1180 temeritas?

293 1214 410 1276 quid
445 1213 537 1261 feci
572 1228 674 1261 non
711 1212 1183 1261 consideratissime?
1255 1211 1306 1259 Si
1342 1212 1471 1259 enim
1519 1212 1634 1259 nihil
1679 1222 1867 1275 praeter

294 1298 459 1360 fugam
484 1303 801 1360 quaereretur,
831 1295 1064 1358 fugissem
1095 1294 1423 1353 libentissime,
1449 1295 1536 1343 secl
1567 1311 1723 1357 genus
1754 1296 1866 1343 belli

295 1379 606 1428 crudelissimi
653 1386 700 1427 et
745 1377 956 1435 maximi,
1004 1376 1139 1439 quod
1180 1377 1400 1424 nondum
1441 1377 1605 1425 vident
1645 1377 1866 1425 homines

297 1460 438 1524 quale
463 1450 690 1507 'futurum
729 1460 802 1516 sit,
843 1457 1106 1521 perhorrui.
1182 1455 1323 1516 Quae
1360 1458 1520 1505 minae
1561 1459 1864 1522 municipiis!

298 1558 421 1606 quae
452 1541 738 1590 nominatim
776 1540 885 1587 viris
917 1540 1059 1587 bonis
1077 1541 1100 1586 1,
1125 1553 1249 1601 quae
1280 1539 1487 1602 denique
1520 1540 1760 1598 omnibus,
1786 1541 1866 1603 qui

295 1624 663 1672 remansissent!
700 1636 846 1685 quam
885 1620 1051 1668 crebro
1087 1619 1202 1667 illud
1236 1624 1247 1645 ‘
1266 1619 1397 1667 Sulla
1428 1621 1597 1683 potuit,
1634 1636 1728 1684 ego
1765 1637 1867 1670 non

293 1714 465 1769 potero
485 1703 531 1752 ?'
603 1720 646 1765 3.
686 1703 807 1750 Mihi
842 1710 1002 1750 autem
1037 1702 1295 1749 haeserunt
1342 1701 1450 1749 illa:
1497 1702 1623 1750 male
1658 1703 1866 1766 Tarqui-

294 1788 417 1846 nius,
465 1787 546 1849 qui
607 1786 887 1843 Porseuam,
935 1783 1017 1846 qui
1068 1782 1323 1831 Octavium
1382 1782 1654 1831 Mamilium
1702 1793 1867 1832 contra

295 1852 514 1932 patriam,
538 1867 683 1930 impie
719 1865 1020 1922 Coriolanus,
1045 1866 1132 1926 quz‘
1159 1865 1389 1912 auxilium
1424 1866 1558 1928 petiit
1593 1881 1622 1913 a
1661 1866 1867 1927 Volscis,

294 1960 419 1999 recte
464 1948 833 2006 Themistocles,
871 1948 953 2010 qui
998 1947 1121 1993 mori
1168 1946 1346 2005 maluit,
1384 1946 1593 1995 nefarius
1642 1947 1866 2011 Hippias,

295 2032 525 2081 Pisistrati
572 2031 708 2088 filius,
752 2030 833 2092 qui
875 2030 925 2076 in
967 2026 1274 2076 Marathonia
1313 2043 1479 2090 pugna
1517 2029 1688 2076 cecidit
1735 2045 1868 2078 arma

295 2122 464 2163 contra
500 2113 704 2174 patriam
742 2110 912 2158 ferens.
984 2111 1049 2157 At
1098 2108 1241 2166 Sulla,
1284 2116 1332 2156 at
1379 2109 1577 2167 Marius,
1620 2117 1668 2156 at
1710 2110 1867 2158 Cinna

294 2203 434 2243 recte.
508 2194 669 2240 Immo
716 2194 817 2239 iure
860 2191 1093 2249 fortasse;
1155 2190 1242 2237 sed
1288 2190 1404 2252 quid
1451 2205 1620 2237 eorum
1668 2191 1867 2238 victoria

295 2276 564 2326 crudelius?
602 2275 719 2337 quid
751 2273 1018 2320 funestius?
1056 2271 1216 2319 Huius
1251 2271 1362 2318 belli
1394 2287 1549 2333 genus
1588 2272 1702 2333 fugi,
1728 2281 1775 2320 et
1807 2287 1866 2320 eo

237 2343 242 2352 ¹
295 2359 466 2420 magis,
493 2357 626 2420 quod
650 2356 917 2404 crudeliora
946 2355 1090 2403 etiam
1123 2353 1323 2414 cogitari
1355 2360 1402 2400 et
1436 2353 1592 2415 parari
1627 2353 1865 2401 videbam.

296 2440 395 2498 Me,
438 2454 585 2503 quern
632 2452 734 2485 non
776 2436 891 2483 nulli
930 2442 1320 2484 conservatorem
1355 2435 1491 2482 istius
1530 2435 1677 2493 urbis,
1721 2451 1865 2497 quem

296 2528 546 2584 parentem
605 2533 711 2566 esse
759 2518 996 2574 dixerunt,
1044 2514 1277 2563 Getarum
1333 2523 1379 2563 et
1433 2516 1771 2562 Armeniorum
1821 2525 1867 2564 et

297 2600 594 2651 Colchorum
633 2599 797 2661 copias
836 2598 899 2645 ad
939 2611 1048 2644 eam
1089 2596 1360 2644 adducere?
1414 2611 1493 2644 me
1529 2597 1649 2643 meis
1689 2597 1866 2645 civibus

301 2685 493 2740 famem,
529 2682 796 2729 vastitatem
831 2678 1002 2727 inferre
1038 2677 1236 2726 Italiae?
1278 2678 1406 2725 hunc
1442 2678 1650 2740 primum
1687 2686 1866 2725 morta-

301 2770 395 2815 lem
443 2779 562 2821 esse,
612 2763 786 2811 deinde
833 2762 977 2808 etiam
1024 2759 1183 2807 multis
1230 2759 1389 2806 modis
1435 2773 1581 2822 posse
1629 2761 1866 2823 exstingui

2015 0 2040 185 ἶ

2027 190 2040 233 3
