2040 3048
141 124 210 175 Ep.
235 110 323 182 42.]
514 120 700 160 EPIST.
741 120 823 159 AD
860 120 1134 160 ATTJCUM
1175 122 1248 161 VJ.
1290 105 1339 162 6.
1623 126 1718 180 119

139 256 184 296 te
218 255 350 296 certo
388 246 490 295 scio
524 245 700 303 dolere,
728 247 954 309 equidem
991 248 1266 306 excrucior;
1307 247 1552 295 decreram
1589 248 1718 295 enim

138 346 249 379 cum
298 343 357 377 eo
412 328 549 376 valde
602 327 890 376 familiariter
943 329 1111 377 vivere.
1208 345 1250 390 3.
1290 327 1396 376 Nos
1445 329 1719 391 provinciae

138 411 457 476 praefecimus
517 409 762 459 Caelium:
826 409 1084 472 ‘puerum'
1142 411 1328 474 inquies
1386 414 1465 459 ‘et
1518 410 1719 459 fortasse

138 495 321 543 fatuum
346 503 392 543 et
418 509 518 542 non
543 508 741 556 gravem
774 499 821 540 et
854 507 956 540 non
994 493 1354 542 continentem!
1426 493 1718 542 Adsentior:

137 577 236 625 fieri
273 592 375 625 non
411 577 567 639 potuit
613 575 761 641 aliter.
835 574 965 622 Nam
1002 590 1124 637 quas
1161 576 1313 623 multo
1351 583 1461 623 ante
1498 584 1604 624 tuas
1642 592 1720 624 ac-

137 674 361 722 ceperam
385 658 577 715 litteras,
604 657 653 703 in
678 657 854 719 quibus
880 657 1048 716 ἐπέχειν
1076 664 1123 704 te
1148 658 1424 720 scripseras,
1451 657 1567 720 quid
1592 667 1720 707 esset

135 741 251 788 mihi
275 739 550 787 faciendum
575 739 635 787 de
659 738 991 801 relinquendo,
1019 753 1106 786 eae
1135 754 1214 787 me
1240 741 1553 802 pungebant3
1591 741 1719 789 vide-

134 825 250 872 bam
275 823 418 881 enim,
446 837 570 885 quae
596 821 690 871 tibio
705 828 866 869 essent
890 822 1049 881 ἐποχῆς
1073 836 1260 879 causae,
1288 829 1335 869 et
1359 830 1494 869 erant
1518 823 1720 871 eaedem

125 908 281 956 mihi:
319 921 473 970 puero
498 906 717 954 tradere?
754 905 886 954 fratri
911 906 1105 953 autem?
1142 905 1259 953 illud
1284 920 1387 953 non
1412 905 1524 953 utile
1548 906 1691 954 nobis
1704 922 1718 966 ς

135 1006 249 1038 nam
292 997 482 1052 praeter
519 988 712 1035 fratrem
759 1003 906 1035 nemo
946 995 1060 1047 erat,
1100 1002 1247 1051 quem
1287 988 1388 1035 sine
1427 989 1720 1038 contumelia

137 1071 394 1136 quaestori,
421 1069 570 1118 nobili
594 1069 888 1132 praesertim,
909 1068 1211 1118 anteferrem.
1258 1068 1468 1129 Tamen,
1489 1070 1606 1117 dum
1629 1071 1718 1118 im-

136 1154 351 1219 pendere
387 1152 549 1200 Parthi
585 1151 883 1211 videbantur,
921 1159 1181 1200 statueram
1219 1150 1414 1199 fratrem
1452 1152 1719 1216 relinquere

137 1245 219 1284 aut
255 1237 402 1284 etiam
438 1236 505 1283 rei
541 1235 763 1298 publicae
805 1250 953 1283 causa
1000 1242 1169 1282 contra
1211 1241 1407 1281 senatus
1445 1235 1718 1285 consultum

137 1319 241 1382 ipse
277 1333 540 1376 remanere,
579 1318 662 1380 qui
698 1324 1022 1379 posteaquam
1056 1316 1322 1364 incredibili
1363 1316 1582 1365 felicitate
1626 1319 1719 1367 dis-

137 1408 395 1459 cesserunt,
447 1400 632 1448 sublata
679 1398 913 1447 dubitatio
962 1406 1047 1447 est.
1135 1397 1380 1446 Videbam
1431 1414 1717 1450 sermones:

140 1483 268 1541 ‘hui‚
293 1483 486 1530 fratrem
510 1482 721 1544 reliquit!
759 1497 877 1529 num
914 1490 986 1530 est
1021 1480 1117 1529 hoc
1143 1496 1245 1528 non
1270 1481 1377 1543 plus
1414 1496 1596 1529 annum
1632 1484 1718 1531 ob-

138 1568 286 1615 tinere
321 1565 654 1628 provinciam?
692 1564 822 1627 quid,
865 1564 1000 1627 quod
1040 1572 1233 1612 senatus
1265 1579 1351 1612 eos
1389 1564 1540 1613 voluit
1580 1581 1717 1629 prae-

140 1665 244 1698 esse
279 1648 553 1711 provinciis,
585 1647 668 1710 qui
703 1662 805 1694 non
842 1647 1194 1710 praefuissent?
1232 1654 1282 1694 at
1316 1646 1394 1694 hic
1431 1648 1716 1697 triennium.’

143 1748 187 1791 4.
223 1731 359 1792 Ergo
395 1729 515 1778 haec
552 1729 614 1778 ad
650 1729 902 1792 populum.
974 1728 1120 1788 Quid,
1157 1744 1282 1791 quae
1319 1730 1511 1777 tecum?
1565 1729 1718 1778 Num-

143 1829 290 1877 quam
315 1827 473 1860 essem
500 1812 604 1859 sine
630 1826 758 1870 cura,
784 1812 823 1859 si
856 1811 974 1874 quid
998 1811 1273 1859 iracundius
1299 1819 1380 1859 aut
1405 1813 1722 1861 contumelio-

146 1897 241 1943 sius
277 1901 359 1942 aut
394 1892 740 1956 neglegentius,
768 1908 890 1956 quae
915 1893 1004 1941 fert
1039 1894 1134 1941 vita
1169 1893 1439 1941 hominum.
1510 1893 1657 1954 Quid,
1684 1895 1722 1943 si

144 1976 258 2040 quid
283 1976 405 2023 filius
431 1991 550 2037 puer
576 1983 623 2023 et
647 1990 768 2037 puer
803 1975 928 2023 bene
955 1976 1043 2023 sibi
1064 1975 1251 2024 fidens?
1289 1978 1371 2039 qui
1396 1984 1523 2024 esset
1548 1977 1723 2026 dolor?

144 2074 290 2123 quem
337 2066 472 2121 pater
519 2072 620 2104 non
668 2056 937 2105 dimittebat
983 2065 1126 2121 teque
1179 2058 1228 2106 id
1276 2074 1474 2107 censere
1520 2060 1722 2107 moleste

145 2142 338 2189 ferebat.
408 2139 475 2186 At
507 2153 637 2185 nunc
663 2137 870 2197 Caelius,
897 2153 998 2187 non
1031 2140 1141 2188 dico
1166 2141 1395 2204 equidem
1419 2141 1536 2204 quid
1561 2143 1721 2204 egerit,

145 2224 232 2272 sed
255 2231 419 2270 tamen
444 2220 595 2268 multo
627 2221 788 2269 minus
821 2220 1003 2270 laboro,
1075 2222 1214 2271 Adde
1241 2223 1387 2271 illud:
1446 2224 1721 2286 PompeiuS,

145 2319 205 2352 eo
229 2303 403 2350 robore
427 2303 509 2360 vir,
537 2302 592 2349 iis
616 2302 872 2360 radicibus,
900 2302 965 2362 Q.
992 2302 1216 2352 Cassium
1249 2305 1353 2353 sine
1379 2313 1506 2353 sorte
1531 2299 1721 2367 delegit,

148 2385 326 2434 Caesar
350 2384 648 2444 Antonium;
687 2399 781 2446 ego
807 2392 935 2433 sorte
962 2386 1126 2433 datum
1160 2387 1474 2446 offenderem,
1499 2395 1552 2436 ut
1577 2387 1724 2436 etiam

147 2467 405 2529 inquireret
450 2465 500 2511 in
542 2480 666 2524 eum,
708 2481 853 2529 quem
902 2467 1233 2530 reliquissem?
1295 2467 1410 2517 Hoc
1451 2469 1638 2528 melius,
1677 2479 1723 2518 et

146 2548 285 2595 huius
326 2547 393 2595 rei
431 2547 567 2610 plura
602 2549 837 2611 exempla,
876 2550 1109 2597 senectuti
1147 2551 1346 2613 quidem
1380 2558 1575 2599 nostrae
1611 2567 1723 2614 pro-

149 2630 274 2677 fecto
299 2630 468 2691 aptius.
541 2630 606 2678 At
638 2638 685 2678 te
711 2632 841 2693 apud
866 2647 992 2691 eum,
1020 2632 1067 2680 di
1102 2632 1247 2680 boni!
1285 2641 1466 2695 quanta
1496 2633 1547 2681 in
1570 2635 1723 2697 gratia

147 2712 302 2775 posui,
328 2712 468 2774 eique
493 2711 583 2774 legi
608 2711 788 2761 litteras
821 2729 922 2761 non
958 2723 1078 2772 tuas,
1106 2715 1192 2763 sed
1228 2715 1401 2763 librarii
1434 2716 1514 2764 tui.
1587 2717 1723 2763 Ami-

147 2809 317 2846 corum
353 2793 534 2844 litterae
567 2809 645 2844 me
667 2795 730 2844 ad
761 2797 1059 2862 triumphum
1091 2806 1282 2859 vocant,
1307 2813 1409 2847 rem
1435 2814 1463 2847 a
1491 2799 1646 2859 nobis,
1672 2808 1725 2848 ut
