2040 3048
164 123 339 193 sp.63.]
507 132 696 173 EPIST.
734 133 817 172 AD
853 132 1132 173 ATTJCUM
1167 134 1249 173 Jx.
1294 138 1373 174 10.
1636 132 1737 189 155

158 264 390 327 regnare.'
460 262 617 311 Multa
659 263 873 325 disputas
914 263 1024 311 huic
1068 264 1334 312 sententiae
1372 263 1734 321 convenientia3

158 348 271 395 inde
297 347 359 395 ad
388 353 656 395 extremum
684 350 694 370 ‘
712 346 828 408 quid
862 345 927 395 si'
954 347 1113 410 inquis
1137 345 1380 408 ‘Lepidus
1414 354 1461 393 et
1486 345 1737 394 Volcatius

159 428 444 477 discedunt?
487 428 629 491 plane
670 429 830 488 ἀπορῶ.
902 427 1051 487 Quod
1095 429 1306 476 evenerit
1342 427 1483 490 igitur
1519 435 1567 475 et
1602 427 1736 490 quod

159 510 327 572 egeris,
353 510 403 558 id
428 510 654 571 στερκτέον
678 505 886 571 putabo.'
960 509 1010 557 Si
1034 518 1136 557 tum
1163 509 1421 568 dubstaras,
1447 524 1577 557 nunc
1610 517 1736 557 certe

158 606 258 639 non
291 591 493 650 dubitaS‚
519 591 620 639 istis
651 590 973 639 manentibus,
1048 593 1093 639 8.
1130 591 1320 639 Deinde
1347 592 1395 638 in
1421 592 1528 654 ipsa
1551 591 1667 654 fuga
1691 606 1735 639 v.

160 672 268 721 Kal.
311 672 541 722 Martias:
583 672 795 720 ‘interea
842 688 944 720 non
993 672 1161 721 dubito
1210 674 1325 735 quin
1372 673 1423 720 in
1471 673 1735 721 Formiano

158 770 412 803 mansurus
447 756 511 804 sis
526 771 539 814 ;
575 755 973 803 commodissime
1011 755 1140 803 enim
1177 758 1227 800 τὸ
1262 757 1426 814 μέλλον
1460 756 1524 802 ibi
1560 757 1737 817 καραδο-

159 837 330 895 κήσεις.’
388 837 469 885 Ad
495 836 558 885 K.
579 837 795 896 Martias,
821 853 934 885 cum
959 837 1036 885 ille
1061 837 1284 900 quintum
1307 837 1404 884 iam
1429 837 1558 884 diem
1583 836 1739 885 Brun-

159 919 265 967 disii
298 927 452 968 esset:
479 924 610 968 ‘tum
630 920 895 982 poterimus
921 919 1198 978 deliberare,
1224 933 1326 967 non
1352 919 1531 967 scilicet
1555 920 1740 981 integra

158 1017 223 1059 re,
258 1001 344 1049 sed
377 1010 503 1050 certe
539 1003 700 1050 minus
736 1001 946 1060 infracta,
975 1016 1122 1064 quam
1160 1002 1199 1048 si
1235 1016 1332 1049 una
1366 1002 1624 1064 proieceris
1661 1001 1738 1050 te.'

159 1083 352 1132 Deinde
393 1099 480 1132 1111.
519 1083 651 1132 Non.
695 1083 896 1132 Martias
943 1086 1026 1130 ὑπὸ
1073 1085 1148 1142 τὴν
1192 1086 1331 1144 λῆψιν
1378 1099 1491 1131 cum
1537 1084 1739 1132 breviter

161 1167 407 1226 scriberes,
443 1174 606 1219 tamen
643 1167 787 1229 ponis
822 1166 949 1214 hoc:
988 1169 1121 1214 ‘cras
1161 1167 1371 1214 scribam
1406 1166 1546 1228 plura
1589 1175 1635 1214 et
1677 1166 1740 1214 ad

162 1248 354 1305 omnia;
391 1247 485 1295 hoc
522 1255 685 1294 tamen
721 1246 894 1304 dicam,
921 1262 1022 1294 non
1058 1247 1302 1309 paenitere
1342 1262 1421 1295 me
1458 1248 1643 1295 consilii
1681 1249 1740 1296 de

160 1338 243 1377 tua
273 1329 541 1386 mansione,
567 1337 626 1386 et,
653 1343 951 1391 quamquam
988 1344 1169 1391 magna
1206 1328 1538 1387 sollicitudine,
1564 1338 1739 1389 tamen,

163 1411 274 1474 quia
297 1411 457 1458 minus
481 1409 594 1458 mali
617 1417 736 1472 puto
762 1425 866 1458 esse
894 1425 1041 1473 quam
1066 1411 1116 1457 in
1134 1410 1213 1457 illa
1232 1409 1545 1472 profectione,
1563 1426 1740 1459 maneo

163 1493 212 1539 in
243 1492 482 1540 sententia
513 1500 561 1539 et
595 1491 788 1554 gaudeo
825 1499 872 1539 te
906 1490 1176 1540 mansisse.’
1246 1508 1289 1553 9.
1329 1490 1458 1539 Cum
1493 1507 1607 1539 vero
1644 1493 1740 1540 iam

164 1589 365 1636 angerer
405 1581 453 1621 et
492 1573 726 1630 timerem,
764 1588 827 1620 ne
863 1574 981 1637 quid
1023 1589 1052 1620 a
1086 1588 1165 1620 me
1203 1572 1457 1620 dedecoris
1493 1582 1620 1621 esset
1657 1574 1741 1622 ad-

162 1655 379 1714 missum,
403 1671 472 1703 111.
499 1654 671 1703 Nonas
698 1654 870 1703 Mart.:
907 1659 1100 1703 ‘tamen
1135 1663 1183 1702 te
1219 1669 1320 1702 non
1357 1670 1462 1702 esse
1498 1670 1596 1702 una
1631 1671 1743 1704 cum

163 1736 400 1799 Pompeio
438 1751 538 1784 non
574 1736 676 1784 fero
713 1737 943 1795 moleste3
995 1744 1166 1798 postea
1201 1736 1240 1784 si
1282 1751 1407 1798 opus
1449 1736 1604 1795 fuerit,
1642 1754 1742 1786 non

164 1819 251 1866 erit
286 1818 488 1876 difficile,
525 1825 572 1865 et
607 1818 685 1876 illi,
724 1833 923 1880 quoquo
960 1825 1182 1879 tempore
1219 1817 1313 1874 fiet,
1349 1817 1437 1865 erit
1472 1819 1740 1877 ἀσμένιστον.

167 1899 262 1947 Sed
285 1898 381 1947 hoc
405 1899 470 1946 ita
503 1897 627 1954 dico,
655 1899 694 1946 si
731 1898 823 1956 hic,
851 1914 947 1961 qua
980 1899 1164 1946 ratione
1198 1899 1387 1946 initium
1420 1898 1545 1957 fecit,
1573 1900 1744 1947 eadem

165 1992 323 2033 cetera
353 1992 479 2045 aget,
506 1983 706 2042 sincere,
732 1991 1013 2046 temperate,
1039 1983 1313 2046 prudenter,
1339 1983 1476 2031 valde
1500 1984 1664 2032 videro
1698 1993 1745 2032 et

165 2066 512 2115 consideratius
547 2065 732 2112 utilitati
770 2074 964 2114 nostrae
1005 2064 1324 2113 consuluero.'
1401 2082 1475 2114 10.
1518 2081 1598 2114 vn.
1628 2066 1744 2114 Idus

165 2147 366 2195 Martias
407 2146 574 2195 scribis
615 2145 876 2194 Peducaeo
914 2162 1109 2210 quoque
1152 2155 1320 2195 nostro
1367 2147 1571 2210 probari,
1613 2147 1746 2210 quod

164 2229 379 2292 quierim,
395 2228 529 2275 cuius
553 2228 811 2275 auctoritas
837 2228 1044 2275 multum
1070 2229 1200 2291 apud
1226 2245 1305 2277 me
1330 2229 1467 2278 valet.
1539 2229 1631 2276 His
1651 2244 1743 2291 ego

165 2312 258 2359 tuis
293 2310 479 2372 scriptis
514 2325 595 2357 me
632 2309 873 2368 consolor,
900 2319 952 2358 ut
990 2311 1105 2357 nihil
1143 2325 1172 2357 a
1206 2327 1286 2359 me
1324 2311 1481 2359 adhuc
1519 2311 1744 2359 delictum

165 2401 346 2456 putem.
416 2390 496 2438 Tu
520 2390 670 2439 modo
697 2392 1031 2439 auctoritatem
1059 2401 1189 2440 tuam
1216 2392 1490 2440 defendito:
1517 2393 1744 2441 adversus

166 2489 245 2522 me
279 2472 394 2520 nihil
423 2487 547 2534 opus
578 2481 664 2529 est,
692 2473 777 2520 sed
812 2473 1020 2521 consciis
1054 2489 1178 2535 egeo
1215 2474 1333 2522 aliis.
1403 2474 1527 2536 Ego,
1555 2476 1594 2522 si
1630 2474 1746 2521 nihil

168 2554 378 2617 peccavi,
404 2553 586 2615 reliqua
610 2554 809 2602 tuebor:
835 2554 897 2602 ad
923 2570 980 2601 ea
1004 2563 1055 2602 tu
1080 2563 1126 2602 te
1152 2555 1342 2603 hortare
1368 2564 1414 2603 et
1439 2571 1518 2603 me
1543 2556 1745 2604 omnino

168 2644 250 2683 tua
274 2634 566 2696 cogitatione
592 2635 777 2683 adiuva.
851 2634 947 2682 Hic
974 2636 1209 2683 nihildum
1244 2638 1303 2685 de
1336 2638 1490 2685 reditu
1524 2637 1745 2686 Caesaris

168 2716 464 2763 audiebatur.
534 2715 643 2777 Ego
677 2715 751 2764 his
783 2717 947 2764 litteris
983 2716 1079 2766 hoc
1116 2725 1280 2766 tamen
1316 2718 1526 2781 profeci:
1564 2719 1745 2782 perlegi

167 2812 340 2845 omnes
365 2805 470 2844 tuas
495 2804 542 2844 et
565 2797 614 2844 in
639 2811 699 2845 eo
724 2799 952 2861 acquievi.
