2040 3048
106 120 175 172 Ep.
201 132 264 169 22,
290 108 378 178 23.]
476 118 663 159 EPIST.
706 119 786 157 AD
827 117 1026 171 QUINT.
1068 117 1243 157 FRAT.
1287 120 1348 157 II.
1392 123 1441 176 3.
1614 118 1682 174 59

105 251 232 314 apud
281 251 568 314 Pompeium
616 251 780 298 cenavi
828 258 1096 312 nactusque
1143 258 1333 312 tempus
1381 248 1476 297 hoc
1506 239 1682 310 'magis

105 334 333 382 idoneum
373 339 517 396 quam
552 321 782 395 umquam
823 323 977 390 antea,
1016 332 1147 395 quod
1182 340 1292 395 post
1327 339 1463 379 tuum
1499 331 1678 378 disces-

105 430 212 463 sum
237 416 277 463 is
303 416 405 463 dies
431 415 797 462 honestissimus
829 416 969 462 nobis
1005 415 1155 462 fuerat
1187 416 1237 462 in
1272 422 1454 472 senatu,
1480 415 1546 462 ita
1572 429 1679 461 sum

103 512 213 545 cum
255 497 334 545 illo
372 498 573 553 locutus,
624 504 676 544 ut
722 496 839 543 mihi
882 497 1065 544 viderer
1107 497 1323 545 animum
1364 497 1575 544 hominis
1618 497 1681 543 ab

104 580 238 627 omni
272 580 364 627 alia
399 579 692 641 cogitatione
729 578 787 626 ad
831 586 960 626 tuam
1003 579 1284 640 dignitatem
1323 580 1555 626 tuendam
1589 586 1682 625 tra-

104 661 311 710 ducere:
350 677 495 725 quem
520 676 614 723 ego
639 659 798 725 ipsum
832 675 943 709 cum
974 661 1132 719 audio,
1157 676 1356 724 prorsus
1390 675 1502 708 eum
1530 661 1681 708 libero

103 744 238 791 omni
277 744 545 806 suspitione
584 743 887 807 cupiditatis·;
925 756 1036 791 cum
1079 750 1241 791 autem
1284 743 1385 791 eius
1426 743 1683 791 familiares

103 826 321 874 omnium
355 826 580 873 ordinum
609 827 764 883 video,
801 827 1056 889 perspicio,
1087 825 1137 874 id
1170 826 1304 889 quod
1332 827 1429 874 iam
1454 827 1682 874 omnibus

102 918 175 957 est
199 917 432 972 apertum,
460 914 613 956 totam
649 924 751 956 rem
789 909 930 956 istam
964 910 1060 956 iam
1093 908 1281 971 pridem
1307 925 1336 957 a
1361 909 1501 957 certis
1526 908 1683 957 homi-

103 993 260 1050 nibuS,
308 1006 410 1038 non
456 991 603 1040 invito
652 1006 766 1054 rege
814 992 922 1053 ipso
981 990 1362 1055 consiliariisque
1409 992 1524 1049 eius,
1575 996 1683 1039 esse

104 1080 391 1136 corruptam.
468 1086 514 1132 4.
563 1072 705 1121 Haec
747 1074 916 1135 scripsi
957 1090 999 1122 a.
1019 1073 1066 1121 d.
1104 1089 1198 1122 xvr.
1243 1073 1353 1123 Kal.
1394 1074 1683 1122 Februarias

105 1165 216 1204 ante
239 1157 427 1205 lucem:
464 1171 525 1204 eo
551 1156 627 1204 die
657 1164 852 1204 senatus
887 1163 988 1204 erat
1018 1156 1215 1204 futurus.
1291 1156 1396 1204 Nos
1421 1158 1470 1203 in
1499 1164 1682 1214 senatu,

105 1253 251 1302 quem
276 1238 338 1286 ad
362 1238 565 1285 modum
603 1251 759 1301 spero,
796 1238 1079 1300 dignitatem
1100 1237 1344 1297 nostram,
1375 1248 1426 1286 ut
1450 1246 1612 1301 potest
1634 1239 1685 1286 in

107 1329 236 1368 tanta
264 1320 518 1368 hominum
550 1319 752 1382 perfidia
785 1327 832 1368 et
868 1321 1132 1383 iniquitate,
1167 1321 1482 1369 retinebimus
1501 1337 1512 1380 ;
1552 1321 1686 1385 quod

107 1403 169 1450 ad
210 1402 494 1465 popularem
534 1403 769 1451 rationem
806 1404 985 1461 attinet,
1023 1403 1120 1451 hoc
1161 1402 1379 1451 videmur
1417 1418 1526 1452 esse
1568 1419 1685 1451 con·

107 1485 271 1542 secuti,
306 1493 358 1532 ut
399 1500 460 1532 ne
500 1485 618 1547 quid
656 1486 734 1548 agi
776 1501 888 1533 cum
933 1485 1116 1548 populo
1159 1493 1240 1533 aut
1279 1485 1422 1533 salvis
1458 1482 1685 1548 auspiciis

109 1575 191 1615 aut
232 1567 371 1615 salvis
418 1567 605 1629 legibus
647 1575 728 1615 aut
776 1568 984 1631 denique
1022 1569 1125 1616 sine
1161 1569 1205 1615 vi
1242 1576 1422 1630 posset.
1494 1568 1571 1616 De
1614 1567 1686 1615 his

107 1652 251 1698 rebus
287 1650 456 1712 pridie,
487 1665 635 1713 quam
671 1650 792 1698 haec
830 1651 1015 1712 scripsi,
1053 1659 1249 1698 senatus
1286 1651 1542 1699 auctoritas
1578 1667 1687 1713 gra-

107 1733 302 1780 vissima
335 1732 603 1780 intercessit
622 1747 633 1791 ;
684 1733 760 1780 cui
798 1746 910 1780 cum
948 1731 1072 1781 Cato
1109 1741 1156 1780 et
1191 1733 1425 1781 Caninius
1461 1734 1687 1781 interces-

109 1816 296 1872 sissent,
332 1821 495 1861 tamen
534 1820 608 1861 est
654 1812 950 1877 perscripta:
1001 1830 1109 1863 eam
1158 1815 1221 1863 ad
1262 1823 1308 1863 te
1345 1816 1544 1864 missam
1581 1831 1687 1864 esse

109 1898 321 1946 arbitror.
391 1895 469 1944 De
502 1897 670 1944 ceteris
704 1897 859 1955 rebus,
893 1897 1123 1960 quicquid
1153 1899 1242 1945 erit
1267 1906 1444 1958 actum,
1482 1899 1688 1946 scribam

110 1979 172 2028 ad
213 1988 275 2038 te,
318 1988 376 2036 et,
422 1987 473 2027 ut
515 1994 661 2042 quam
706 1980 970 2027 rectissime
1005 1988 1186 2043 agatur,
1231 1981 1364 2028 omni
1408 1995 1518 2030 mea
1559 1997 1688 2038 cura,

109 2077 272 2126 opera,
309 2062 568 2124 diligentia,
605 2063 759 2125 gratia
789 2063 1061 2126 providebo

313 2188 391 2233 23.
463 2185 556 2232 AD
593 2183 927 2245 QUINTUM
963 2185 1301 2235 FRATREM
1337 2187 1403 2236 11.
1444 2203 1486 2249 3.

219 2281 324 2332 SCR.
363 2282 544 2331 ROMAE
579 2298 705 2332 PRn).
742 2283 812 2331 ID.
849 2283 996 2332 FEBR.
1032 2299 1096 2332 ET
1133 2300 1209 2332 xv.
1247 2284 1374 2333 ΚΑΒ.
1413 2284 1583 2334 MART.

754 2381 893 2415 A.u.c.
933 2368 1045 2427 698.

449 2462 640 2496 MARcus
675 2462 857 2503 quNTo
892 2463 1073 2496 FRATRI
1107 2464 1348 2498 SALUTEM.

186 2560 230 2592 1.
287 2542 468 2592 SCRIPSI
521 2544 583 2592 ad
631 2553 676 2593 te
725 2553 867 2593 antea
919 2546 1196 2608 superiora;
1248 2562 1378 2594 nunc
1429 2562 1691 2609 cognosce,

113 2634 284 2688 postea
319 2640 442 2688 quae
479 2627 574 2675 sint
609 2634 744 2676 acta:
794 2643 823 2675 a
859 2626 968 2675 Kal.
1006 2626 1148 2676 Febr.
1184 2628 1469 2690 legationes.
1489 2631 1537 2677 in
1573 2630 1692 2679 Idus

114 2706 253 2755 Febr.
279 2709 614 2757 reiieiebantur
627 2726 639 2769 ;
672 2722 732 2756 eo
759 2709 835 2757 die
860 2724 936 2757 res
962 2708 1186 2759 confecta
1210 2719 1419 2759 nonest.
1480 2726 1523 2760 a.
1541 2712 1585 2760 d.
1608 2727 1694 2762 1111.

117 2789 247 2837 Non.
285 2787 424 2839 Febr.
464 2789 586 2841 Milo
622 2790 807 2852 adfuit;
856 2793 900 2840 ei
937 2791 1202 2855 Pompeius
1239 2793 1502 2841 advocatus
1538 2795 1694 2854 venit;
