2040 3048
262 106 362 162 154
711 104 774 143 M.
817 103 1018 143 TszJJ
1053 103 1220 142 crcER
1228 104 1363 143 oms
1614 93 1731 162 [Pars
1753 105 1828 146 111.

257 233 495 297 relinquit,
533 233 596 281 ad
636 240 884 295 posterum
932 232 1110 279 bellurn
1156 233 1371 279 ἄσπονδον
1417 232 1531 280 strui
1577 232 1826 282 existimo!

257 315 417 364 Huius
441 315 584 377 igitur
607 314 717 362 belli
752 328 846 376 ego
881 313 1119 376 particeps
1151 322 1198 362 et
1230 313 1391 362 socius
1423 323 1471 361 et
1502 313 1690 363 adiutor
1721 330 1827 364 esse

255 410 421 460 cogor,
447 395 582 458 quod
607 402 654 442 et
679 396 897 445 ἄσπονδον
929 399 1077 446 estet
1104 409 1216 445 cum
1252 394 1448 443 civibus,
1519 394 1710 444 Deinde
1743 411 1826 445 vn.

257 479 374 526 Idus
408 477 561 535 Febr„
587 491 699 524 cum
736 475 831 523 iam
867 475 1001 537 plura
1034 475 1221 525 audires
1258 476 1318 524 de
1344 476 1575 539 Pompeii
1610 478 1827 536 consili0,

257 559 507 608 concludis
548 557 802 620 epistolam
838 558 1081 621 quandam
1122 558 1217 607 hoc
1258 558 1437 607 modo:
1464 562 1487 583 '‘
1502 574 1597 622 ego
1632 561 1827 623 quidem

256 643 339 690 tibi
378 655 481 689 non
522 641 612 688 sim
655 647 836 698 auctor,
879 640 919 687 si
965 639 1234 702 Pompeius·
1274 639 1463 688 Italiam
1511 642 1745 706 relinquit,
1781 651 1828 691 te

257 737 453 786 quoque
482 721 772 785 profugere3
810 735 1002 768 summo
1038 722 1168 769 enim
1203 722 1418 784 periculo
1453 722 1601 771 facies
1635 739 1728 772 nec
1761 725 1828 772 rei

255 804 476 866 publicae
507 803 739 865 proderiS,
765 803 841 850 cui
865 802 1062 865 quidem
1093 803 1333 865 posterius
1364 804 1544 866 poteris
1579 806 1827 867 prodesse,

258 886 297 933 si
320 885 583 932 manseris.’
656 883 819 943 Quem
848 888 1107 944 φιλόπατριν
1134 899 1192 932 ac
1223 887 1442 931 πολιτικὸν
1472 886 1682 935 hominis
1718 903 1828 951 pru-

259 966 416 1014 dentis
441 972 488 1013 et
513 964 654 1012 amici
677 965 757 1012 tali
783 964 1033 1012 admonitu
1056 979 1158 1012 non
1182 974 1395 1013 moveret
1419 968 1710 1016 auctoritas?
1783 970 1828 1018 6.

260 1046 506 1108 Deinceps
534 1060 602 1094 111.
628 1045 746 1093 Idus
771 1044 909 1093 Febr.
929 1045 1100 1092 iterum
1124 1045 1242 1093 mihi
1266 1048 1534 1108 respondes
1557 1050 1830 1099 consulenti

260 1128 358 1175 sic:
397 1131 408 1151 ‘
428 1127 562 1188 quod
603 1126 792 1189 quaeris
827 1141 856 1174 a
897 1141 976 1174 me
1017 1127 1246 1189 fugamne
1282 1131 1313 1184 †
1349 1128 1498 1177 fidam
1539 1145 1603 1178 an
1642 1135 1828 1180 moram

260 1208 476 1256 desidem
500 1208 736 1256 utiliorem
762 1215 942 1269 putem,
967 1222 1061 1269 ego
1085 1223 1199 1255 vero
1231 1209 1282 1256 in
1313 1212 1583 1272 praesentia
1619 1214 1829 1262 subitum

262 1290 529 1340 discessum
553 1298 599 1337 et
627 1290 942 1352 praecipitem
966 1290 1316 1352 profectionem
1341 1306 1454 1340 cum
1479 1294 1578 1348 tibi,
1605 1302 1707 1342 tum
1738 1296 1831 1358 ipsi

261 1370 434 1420 Gnaeo
459 1371 676 1419 inutilem
708 1379 755 1419 et
786 1371 1108 1433 periculosam
1140 1381 1272 1435 put0,
1297 1382 1344 1422 et
1379 1376 1527 1424 satius
1564 1390 1670 1425 esse
1705 1379 1830 1427 exis-

261 1454 379 1501 timo
427 1467 514 1501 vos
563 1453 837 1516 dispertitos
885 1461 932 1501 et
978 1454 1029 1500 in
1076 1454 1285 1516 speculis
1332 1470 1466 1515 esse3
1516 1459 1602 1506 sed
1642 1461 1831 1509 medius

262 1535 402 1583 fidius
427 1542 566 1597 turpe
589 1534 732 1583 nobis
756 1541 875 1596 puto
901 1549 1006 1583 esse
1032 1535 1092 1583 de
1116 1535 1232 1598 fuga
1256 1537 1496 1599 cogitare!
1556 1539 1671 1588 Hoc
1694 1550 1832 1604 turpe

263 1614 462 1664 Gnaeus
485 1623 649 1664 noster
673 1616 869 1663 biennio
893 1625 1003 1664 ante
1027 1617 1253 1678 cogitavit
1266 1634 1280 1677 ;
1306 1619 1372 1665 ita
1396 1621 1626 1670 sullaturit
1645 1624 1834 1672 animus

262 1697 364 1745 eius
389 1705 436 1745 et
459 1697 790 1760 proscripturit
812 1698 909 1744 iam
935 1698 1029 1745 diu.
1101 1698 1238 1756 Inde,
1263 1706 1316 1747 ut
1347 1701 1534 1763 opinor,
1560 1719 1671 1752 cum
1694 1713 1747 1753 tu
1771 1707 1833 1754 ad

261 1794 340 1827 me
360 1779 598 1843 quaedam
621 1781 894 1840 γενικώτερον
912 1780 1184 1841 scripsisses
1209 1788 1258 1828 et
1282 1796 1376 1843 ego
1401 1783 1516 1831 mihi
1541 1800 1570 1832 a
1591 1793 1639 1833 te
1665 1782 1832 1852 [quae-

263 1856 397 1928 dam]
435 1860 692 1924 significari
739 1868 1001 1923 putassem,
1037 1870 1089 1909 ut
1130 1861 1268 1909 Italia
1309 1863 1546 1922 cederem,
1566 1867 1833 1916 >detestaris

261 1942 355 1989 hoc
381 1942 631 2004 diligenter
655 1958 717 1990 xr.
739 1942 802 1990 K.
824 1942 991 1991 Mart:
1019 1947 1030 1967 ‘
1046 1957 1140 2005 ego
1165 1958 1280 1991 vero
1304 1945 1434 1992 nulla
1458 1947 1662 2008 epistola
1686 1951 1832 2013 signi-

261 2022 412 2081 ficavi,
438 2024 478 2071 si
510 2023 710 2072 Gnaeus
742 2024 879 2072 Italia
915 2025 1119 2083 cederet,
1144 2033 1196 2072 ut
1226 2032 1278 2073 tu
1306 2041 1404 2073 una
1436 2029 1646 2089 cederes,
1673 2041 1767 2089 aut,
1792 2034 1841 2079 si

263 2104 538 2166 significavi,
581 2119 683 2152 non
730 2105 840 2153 dico
890 2105 957 2153 fui
1003 2106 1298 2160 inconstans,
1337 2107 1424 2155 sed
1471 2109 1701 2158 demens?
1773 2111 1832 2159 In

262 2185 434 2233 eadem
459 2185 663 2248 epistola
694 2185 788 2233 alio
820 2186 963 2234 loco:
991 2187 1133 2233 ‘nihil
1165 2187 1445 2250 relinquitur
1476 2191 1568 2238 nisi
1601 2191 1729 2253 fuga,
1755 2195 1831 2241 cui

262 2274 307 2312 te
347 2268 535 2314 socium
576 2267 855 2329 neutiquam
893 2275 1012 2330 puto
1054 2282 1160 2316 esse
1203 2276 1423 2330 oportere
1466 2286 1557 2319 nec
1598 2287 1830 2335 umquam

263 2348 450 2410 putavi.’
523 2359 568 2409 7.
605 2348 785 2396 Totam
832 2357 992 2396 autem
1039 2349 1164 2397 hanc
1211 2349 1605 2399 deliberationem
1653 2354 1830 2402 evolvis

263 2430 529 2477 accuratius
553 2430 602 2476 in
626 2430 790 2477 litteris
814 2445 912 2478 vm.
940 2429 1049 2477 Kal.
1077 2430 1219 2477 Mart.
1240 2431 1389 2479 datis:
1417 2435 1429 2458 ‘
1445 2433 1484 2479 si
1510 2433 1596 2481 Μ’.
1617 2434 1830 2497 Lepidus

262 2518 309 2557 et
355 2510 411 2558 L.
444 2510 700 2559 Volcatius
747 2520 1010 2568 remanent,
1059 2513 1354 2560 manendum
1399 2522 1534 2576 puto,
1575 2517 1639 2563 ita
1685 2524 1751 2573 ut,
1791 2518 1831 2565 si

263 2591 419 2639 salvus
457 2593 516 2640 sit
558 2592 818 2655 Pompeius
863 2601 911 2640 et
956 2595 1219 2642 constiterit
1266 2594 1452 2653 alicubi,
1494 2596 1622 2645 hanc
1668 2601 1831 2644 νεκυίαν

263 2673 503 2736 relinquas
528 2681 574 2720 et
597 2681 644 2721 te
668 2675 718 2720 in
743 2675 1003 2722 certamine
1027 2676 1150 2723 vinci
1175 2691 1286 2723 cum
1310 2677 1389 2723 illo
1422 2677 1604 2726 facilius
1637 2680 1830 2740 patiaris

264 2768 410 2815 quarn
447 2769 556 2802 cum
599 2755 691 2803 hoc
733 2756 781 2802 in
825 2772 896 2814 ea,
933 2771 1056 2818 quae
1099 2758 1381 2819 perspicitur
1422 2758 1591 2817 futura,
1629 2761 1828 2808 colluvie
