2040 3048
148 159 232 214 Ep.
264 150 354 221 γα]
486 159 672 202 EPIST.
711 159 793 200 AD
830 162 1200 203 FAMILIARES
1236 163 1298 203 II.
1345 153 1421 203 16.
1638 156 1736 222 165

158 295 274 334 nota
310 294 450 346 sunt;
489 287 538 335 in
574 286 647 335 his
684 286 799 334 mihi
834 303 1035 337 necesse
1072 297 1144 337 est
1180 305 1303 348 esse,
1330 305 1391 338 ne
1430 289 1598 339 amicis
1633 305 1734 338 mo-

158 368 304 416 lestus
353 370 458 417 sim.
530 368 680 429 Quod
737 377 898 417 autem
947 370 996 417 in
1045 371 1296 420 maritimis
1344 371 1566 420 facillime
1616 387 1736 431 sum,

158 466 333 499 moveo
371 466 472 499 non
508 451 649 499 nullis
685 451 1006 513 suspitionem
1045 453 1163 500 velle
1200 469 1279 501 me
1316 453 1568 516 navigare;
1606 452 1738 515 quod

159 539 321 580 tamen
346 532 548 582 fortasse
573 547 674 580 non
700 532 894 591 nollem,
923 534 963 582 si
996 549 1194 597 possem
1225 534 1286 582 ad
1320 535 1501 582 otium:
1539 550 1652 582 narn
1677 534 1738 583 ad

158 613 336 661 bellurn
361 614 557 676 quidem
582 615 664 678 qui
695 615 958 663 convenit?
995 617 1278 678 praesertim
1312 624 1479 665 contra
1508 632 1633 675 eum,
1661 616 1739 664 cui

159 711 302 758 spero
340 711 419 744 me
459 697 574 745 satis
612 696 799 755 fecisse,
842 698 905 744 ab
944 713 1019 756 eo,
1061 699 1138 746 cui
1175 699 1271 745 iam
1312 699 1426 747 satis
1466 699 1566 747 fieri
1607 699 1739 747 nullo

159 779 311 827 modo
350 787 521 841 potest.
596 795 639 841 3.
679 778 870 827 Deinde
907 780 1196 827 sententiam
1231 796 1393 828 meam
1429 788 1481 828 tu
1516 781 1739 829 facillime

161 860 432 923 perspicere
457 862 654 923 potuisti
679 863 775 910 iam
800 862 862 909 ab
886 862 968 910 illo
993 871 1229 925 tempore,
1250 878 1362 910 cum
1387 863 1436 909 in
1462 862 1739 911 Cumanum

159 943 276 990 mihi
317 944 508 991 obviam
546 945 742 993 venisti:
783 959 885 992 non
927 945 1056 991 enim
1097 953 1142 991 te
1185 944 1334 992 celavi
1376 961 1653 994 sermonem
1677 945 1739 994 T.

161 1025 352 1088 Ampii3
395 1025 562 1085 vidisti,
604 1041 753 1089 quam
796 1026 1108 1074 abhorrerem
1151 1028 1213 1074 ab
1249 1028 1367 1075 urbe
1409 1028 1739 1092 relinquenda,

162 1123 273 1155 cum
299 1107 558 1156 audissem.
632 1107 812 1156 Nonne
837 1108 925 1156 tibi
958 1109 1205 1157 adfirmavi
1242 1109 1432 1172 quidvis
1466 1125 1545 1157 me
1579 1110 1741 1173 potius

162 1204 502 1252 perpessurum
539 1205 683 1253 quam
719 1206 780 1238 ex
806 1190 945 1239 Italia
980 1190 1044 1238 ad
1079 1191 1259 1239 bellum
1297 1191 1432 1239 civile
1465 1193 1742 1240 exiturum?

163 1271 296 1330 Quid
322 1286 439 1334 ergo
464 1272 651 1331 accidit,
679 1289 763 1321 cur
788 1273 1044 1320 consilium
1075 1274 1349 1321 mutarem?
1386 1289 1551 1322 nonne
1577 1275 1743 1322 omnia

163 1355 338 1417 potius,
374 1362 426 1402 ut
461 1354 511 1402 in
548 1356 786 1403 sententia
821 1357 1196 1418 permanerem?
1268 1355 1452 1405 Credas
1487 1356 1583 1405 hoe
1626 1358 1742 1405 mihi

162 1438 317 1496 velim,
352 1438 486 1500 quod
522 1446 640 1501 puto
675 1447 720 1486 te
758 1439 1046 1497 existimare,
1072 1453 1152 1486 me
1190 1454 1249 1487 ex
1280 1438 1354 1487 his
1388 1440 1590 1488 miseriis
1628 1441 1743 1488 nihil

163 1520 291 1568 aliud
320 1535 550 1583 quaerere
583 1520 674 1568 nisi
708 1528 761 1568 ut
793 1520 1016 1568 homines
1053 1520 1314 1583 aliquando
1348 1521 1629 1585 intellegant
1663 1539 1742 1572 me

164 1603 283 1651 nihil
323 1602 550 1651 maluisse
589 1617 737 1664 quam
773 1617 960 1664 pacem,
996 1618 1054 1650 ea
1089 1602 1343 1665 desperata
1379 1603 1497 1652 nihil
1533 1614 1632 1653 tam
1670 1606 1740 1654 fu-

165 1687 292 1749 gisse
317 1700 464 1748 quam
490 1700 625 1732 arma
657 1684 838 1732 civilia:
882 1684 1022 1733 huius
1052 1700 1132 1734 me
1167 1686 1466 1734 constantiae
1497 1695 1616 1750 puto
1642 1688 1744 1737 fore

165 1776 217 1816 ut
251 1782 521 1830 numquam
557 1766 814 1828 paeniteat.
884 1766 1080 1814 Etenim
1115 1769 1314 1816 memini
1350 1769 1399 1816 in
1437 1769 1530 1818 hoc
1566 1786 1745 1832 genere

165 1850 356 1913 gloriari
386 1849 578 1897 solitum
609 1863 715 1896 esse
750 1839 1031 1896 familiarem
1065 1858 1286 1898 nostrum
1320 1849 1383 1910 Q.
1410 1850 1744 1912 Hortensium,

166 1932 300 1996 quod
336 1946 605 1994 numquam
641 1931 768 1979 bello
805 1931 927 1979 civili
963 1931 1281 1980 interfuisset:
1319 1933 1415 1981 hoc
1448 1943 1612 1983 nostra
1640 1936 1745 1984 laus

166 2017 252 2064 erit
282 2015 516 2072 illustrior,
544 2013 679 2076 quod
711 2013 775 2061 illi
812 2015 1108 2062 tribuebatur
1140 2015 1360 2077 ignaviae
1378 2032 1390 2076 3
1431 2016 1491 2064 de
1521 2018 1663 2066 nobis
1696 2018 1745 2065 id

166 2097 424 2146 existimari
459 2111 604 2160 posse
640 2111 741 2145 non
778 2096 990 2144 arbitror.
1066 2112 1110 2155 4.
1150 2097 1255 2145 Nec
1292 2113 1371 2146 me
1414 2099 1505 2147 ista
1548 2108 1741 2158 terrent,

168 2196 292 2244 quae
323 2179 440 2227 mihi
473 2195 502 2228 a
538 2187 584 2227 te
620 2179 682 2227 ad
718 2179 941 2226 timorem
967 2179 1198 2227 fidissime
1235 2188 1378 2243 atque
1415 2183 1744 2230 amantissime

168 2269 529 2326 proponuntur;
567 2261 697 2309 nulla
730 2269 800 2310 est
837 2261 968 2309 enim
1001 2263 1249 2320 acerbitas,
1288 2278 1412 2325 quae
1449 2278 1550 2312 non
1587 2265 1745 2312 omni-

169 2346 257 2392 bus
281 2344 372 2392 hac
397 2344 528 2392 orbis
563 2352 793 2392 terrarum
823 2344 1183 2406 perturbatione
1209 2345 1492 2408 impendere
1517 2346 1744 2405 videatur,

170 2442 315 2490 quam
340 2426 535 2488 quidem
561 2441 656 2488 ego
681 2441 709 2473 a
733 2442 782 2473 re
807 2426 1000 2488 publica
1024 2426 1145 2473 meis
1173 2426 1366 2488 privatis
1397 2436 1443 2475 et
1468 2428 1744 2477 domesticis

172 2509 494 2558 incommodis
519 2508 830 2556 libentissime
856 2507 929 2556 vel
954 2509 1058 2556 istis
1084 2509 1215 2571 ipsis,
1242 2524 1366 2572 quae
1392 2517 1443 2557 tu
1468 2525 1546 2557 me
1572 2526 1745 2559 mones

173 2600 225 2640 ut
260 2606 468 2649 caveam,
495 2591 822 2639 redemissem.
896 2602 939 2651 5.
979 2591 1101 2638 Filio
1135 2606 1260 2649 meo,
1287 2607 1433 2654 quem
1471 2593 1552 2640 tibi
1582 2609 1746 2642 carum

173 2689 279 2722 esse
311 2672 516 2736 gaudeo,
542 2672 582 2721 si
616 2673 702 2720 erit
734 2672 831 2721 ulla
864 2688 938 2720 res
972 2673 1179 2735 publica,
1206 2674 1320 2721 satis
1353 2672 1568 2736 amplum
1603 2675 1746 2737 patri-

174 2755 392 2803 monium
434 2754 700 2817 relinquam
743 2755 1029 2803 memoriam
1071 2755 1282 2803 nominis
1330 2756 1452 2813 mei;
1505 2755 1543 2803 si
1588 2764 1747 2804 autem

175 2835 304 2884 nulla
349 2836 450 2895 erit,
493 2834 609 2883 nihil
651 2836 835 2885 accidet
875 2836 918 2884 ei
961 2838 1215 2901 separatim
1253 2853 1281 2884 a
1321 2838 1512 2901 reliquis
1553 2839 1744 2886 civibus,
