2040 3048
175 136 250 187 Ep.
279 124 372 192 54]
521 135 710 175 EPIST.
750 135 832 174 AD
867 134 1145 176 ATTICUM
1185 136 1313 175 νηι.
1354 141 1402 194 3.
1655 138 1752 194 135

532 314 608 358 54.
680 310 774 358 AD
811 311 1137 361 ATTICUM
1173 310 1316 361 VIII.
1352 314 1396 359 3.

174 405 281 455 ScR.
298 421 349 454 IN
367 421 495 455 AGRo
516 406 718 455 CALENO
738 422 782 454 A.
794 423 836 455 n.
858 423 920 455 XI.
938 407 1207 456 KALENDAS
1228 406 1458 455 MAR'rrAs
1477 420 1615 454 A.U.c.
1636 415 1746 464 705.

697 511 868 545 CICERO
905 511 1080 545 Ari-ico
1116 512 1216 545 SAL.

244 606 282 637 1.
320 589 541 640 MAxnms
564 598 613 638 et
636 590 914 638 miserrimis
938 591 1085 639 rebus
1107 591 1424 654 perturbatuS,
1446 604 1558 638 cum
1583 603 1747 637 coram

169 678 327 720 tecum
351 672 469 720 mihi
494 679 708 734 potestas
741 672 1034 720 deliberandi
1063 688 1165 721 non
1195 682 1335 731 esset,
1362 674 1430 721 uti
1464 682 1628 721 tamen
1660 680 1744 718 tuo

167 753 369 801 consilio
425 753 551 800 volui
575 769 587 811 ;
649 752 926 802 deliberatio
979 761 1142 802 autern
1197 755 1357 803 omnis
1405 755 1525 803 haec
1573 761 1659 811 est,
1708 753 1746 800 si

167 835 427 898 Pompeius
462 834 599 882 Italia
630 834 785 894 cedat,
811 835 955 898 quod-
978 850 1091 883 eum
1117 835 1486 884 facturumesse
1513 836 1744 898 suspicor,

165 916 281 979 quid
313 916 428 964 mihi
461 916 708 978 agendum
739 924 894 978 putes,
920 924 981 975 et,
1008 932 1107 979 quo
1140 916 1326 966 facilius
1351 917 1606 966 consilium
1630 917 1744 965 dare

166 997 337 1059 possis,
363 997 480 1060 quid
516 998 566 1044 in
597 1006 851 1060 utramque
884 1006 1070 1060 partem
1103 998 1220 1045 mihi
1253 999 1303 1046 in
1334 1008 1550 1047 mentem
1574 999 1746 1056 veniat,

166 1079 418 1141 explicabo
454 1080 599 1126 brevi.
675 1096 717 1127 2.
756 1079 883 1128 Cum
927 1080 1097 1127 merita
1137 1080 1358 1143 Pompeii
1401 1095 1592 1128 summa
1634 1094 1747 1142 erga

166 1162 369 1210 salutem
416 1176 576 1209 meam
625 1161 1027 1224 familiaritasque,
1066 1177 1189 1224 quae
1238 1161 1354 1209 mihi
1402 1177 1514 1209 cum
1557 1176 1617 1209 eo
1659 1169 1745 1216 est,

165 1252 267 1291 tum
313 1243 420 1305 ipsa
465 1243 530 1290 rei
577 1243 800 1305 publicae
849 1258 999 1291 causa*
1042 1259 1120 1291 me
1158 1243 1378 1302 adducit,
1419 1251 1470 1291 ut
1516 1242 1633 1291 mihi
1674 1242 1747 1289 vel

165 1324 417 1373 consilium
449 1339 613 1372 meum
648 1339 759 1372 cum
796 1324 918 1372 illius
954 1325 1167 1382 consilio,
1195 1325 1268 1372 vel
1300 1325 1496 1385 ‘fortuna
1523 1341 1622 1372 mea.
1646 1340 1747 1371 cum

164 1405 513 1469 z'llz‘usfhrluna
548 1406 893 1468 coniungenda
926 1421 1032 1454 esse
1066 1405 1295 1454 videatur.
1366 1406 1572 1455 Accedit
1601 1406 1744 1454 illud:

166 1489 205 1536 si
228 1502 406 1537 maneo
431 1497 480 1536 et
504 1488 639 1536 illum
665 1488 949 1542 comitatum
974 1488 1279 1550 optimorum>
1299 1496 1346 1536 et
1370 1489 1742 1537 clarissimorum

164 1571 339 1619 civium
359 1570 545 1627 desem,
566 1570 842 1618 cadendum
868 1577 942 1618 est
966 1570 1016 1616 in
1041 1570 1181 1617 unius
1205 1577 1514 1632 potestatem,
1535 1571 1630 1634 qui,
1658 1571 1743 1619 etsi

150 1652 324 1700 rmultis
346 1651 490 1699 rebus
515 1652 756 1714 significat
780 1667 831 1700 se
857 1651 999 1699 nobis
1025 1666 1132 1700 esse
1157 1651 1382 1710 amicum,
1403 1660 1450 1700 et
1473 1659 1526 1700 ut
1550 1662 1690 1710 esset,
1716 1668 1744 1699 a

163 1749 242 1782 me
267 1740 507 1782 est—tute
533 1733 895 1797 scis—propter
919 1733 1240 1796 suspitionem
1259 1732 1399 1781 huius
1419 1733 1743 1796 impendentis

164 1814 460 1878 tempestatis
498 1815 651 1863 multo
687 1824 798 1864 ante
835 1816 1110 1878 provisum,¹
1128 1823 1292 1863 tamen
1329 1822 1588 1879 utrumque
1625 1831 1742 1865 con-

164 1895 474 1945 siderandum
517 1905 603 1955 est,
646 1904 695 1945 et
736 1905 918 1960 quanta
959 1897 1080 1945 fides
1122 1897 1166 1944 ei
1215 1897 1275 1945 sit
1321 1896 1548 1945 habenda
1594 1905 1654 1955 et,
1704 1898 1743 1945 si

162 1979 372 2026 maxime
396 1978 699 2039 exploratum
725 1980 785 2027 sit
809 1994 922 2028 eum
947 1980 1089 2027 nobis
1115 1978 1326 2027 amicum
1356 1979 1474 2038 fore,
1502 1979 1624 2027 sitne
1658 1979 1741 2026 viri

162 2061 296 2109 fortis
332 2068 380 2107 et
414 2060 531 2107 boni
564 2060 681 2108 civis
714 2076 821 2109 esse
854 2061 903 2108 in
936 2076 995 2108 ea
1026 2061 1144 2109 urbe
1178 2061 1228 2108 in
1257 2075 1367 2123 qua,
1394 2076 1505 2109 cum
1539 2061 1741 2109 summis

161 2142 427 2190 honoribus
475 2142 785 2204 imperiisque
832 2158 948 2190 usus
998 2144 1070 2201 sit,
1111 2159 1185 2191 res
1235 2143 1472 2191 maximas
1521 2142 1736 2205 gesserit,

161 2223 432 2273 sacerdotio
471 2223 532 2271 sit
563 2224 864 2287 amplissimo
897 2225 1156 2288 praeditus,
1181 2240 1366 2273 nomen
1402 2224 1599 2281 futurus,
1628 2225 1735 2271 sub-

161 2304 472 2368 eundumque
507 2305 772 2368 periculum
808 2308 881 2364 sit,
918 2322 1029 2354 cum
1066 2306 1227 2369 aliquo
1264 2305 1365 2354 fore
1407 2304 1663 2362 dedecore,
1702 2303 1739 2353 si

162 2386 359 2452 quando
385 2385 647 2450 Pompeius
676 2403 780 2436 rem
812 2388 1058 2451 publicam
1095 2388 1400 2452 recuperarit.
1476 2402 1519 2449 3.
1557 2387 1617 2434 In
1650 2387 1740 2434 hac

162 2476 295 2532 parte
332 2468 453 2517 haec
490 2477 628 2529 sunt;
672 2470 779 2518 vide
823 2485 966 2529 nunc,
1011 2484 1136 2533 quae
1177 2470 1270 2518 sint
1308 2470 1357 2517 in
1400 2470 1574 2517 altera:
1622 2468 1739 2518 nihil

162 2558 322 2598 actum
347 2558 419 2598 est
441 2566 470 2598 a
494 2551 728 2615 Pompeio
754 2560 921 2601 nostro
947 2553 1202 2615 sapienter,
1220 2551 1336 2599 nihil
1360 2551 1543 2600 fortiter
1561 2566 1577 2610 3
1610 2549 1738 2601 addo

162 2634 320 2688 etiam,
347 2631 461 2679 nihil
495 2633 585 2680 nisi
618 2642 786 2682 contra
819 2634 1075 2682 consilium
1109 2634 1537 2695 auctoritatemque
1562 2648 1737 2682 meam.

163 2713 351 2762 Omitto
376 2712 455 2760 illa
480 2721 656 2771 vetera,
684 2716 818 2777 quod
843 2716 985 2764 istum
1012 2716 1058 2762 in
1095 2731 1197 2763 rem
1232 2715 1474 2777 publicam
1508 2715 1584 2762 ille
1627 2713 1740 2762 aluit

163 2794 305 2852 auxit,
346 2795 558 2853 armavit,
601 2795 676 2843 ille
723 2797 909 2859 legibus
958 2812 1044 2860 per
1086 2797 1181 2844 vim
1224 2804 1270 2844 et
1312 2805 1479 2844 contra
1522 2795 1734 2858 auspicia
