2040 3048
292 85 360 138 70
743 84 805 124 M.
851 83 1049 123 TULLII
1086 85 1397 124 CICERONIS
1666 74 1780 147 [Pars
1807 85 1860 126 11.

292 206 550 256 Lentulum
575 214 792 255 nostrum
820 208 996 255 eximia
1020 223 1106 271 spe
1132 223 1350 258 summae
1374 208 1556 258 virtutis
1582 209 1862 258 adulescen-

292 295 387 334 tem
413 303 526 335 cum
551 289 719 336 ceteris
745 289 940 347 artibus,
961 289 1134 352 quibus
1159 290 1378 338 studuisti
1402 304 1593 352 semper
1617 290 1734 352 ipse,
1759 299 1859 337 tum

292 450 610 511 praestantior
643 451 926 513 disciplina:
963 467 1110 515 quem
1136 468 1237 511 nos,
1262 460 1308 501 et
1333 454 1446 515 quia
1470 461 1578 500 tuus
1610 461 1656 499 et
1681 452 1793 515 quia
1817 463 1863 499 te

291 530 466 592 dignus
501 539 576 579 est
599 531 722 580 filius
757 540 804 580 et
827 533 940 595 quia
975 548 1067 581 nos
1104 533 1256 596 diligit
1291 549 1578 597 semperque
1612 533 1790 591 dilexit,
1816 533 1865 579 in

292 612 456 673 primis
481 627 701 661 amamus
726 629 986 677 carumque
1012 615 1263 664 habemus.

616 762 694 806 27.
765 759 859 806 AD
895 758 1311 808 FAMILIARES
1348 759 1464 807 VII.
1502 771 1546 820 5.

531 853 638 904 Sca.
681 855 862 904 ROMAE
897 870 1054 904 MENSE
1090 855 1295 904 MAR‘rlo
1331 870 1471 905 A.u.c.
1511 867 1621 916 700.

742 959 913 993 crcERo
948 960 1149 993 CAESARI
1185 961 1281 994 IMP.
1318 960 1355 993 s.
1380 961 1426 993 n.

371 1051 408 1083 ι.
436 1035 579 1095 Vmss,
595 1052 742 1099 quam
767 1038 883 1084 mihi
900 1040 1220 1100 persuaserim
1238 1047 1286 1088 te
1310 1055 1389 1088 me
1415 1055 1520 1088 esse
1546 1040 1746 1087 alterum
1767 1055 1867 1089 non

297 1119 448 1166 modo
484 1119 534 1166 in
569 1120 626 1167 iis
661 1121 817 1178 rebus,
845 1136 968 1183 quae
1004 1121 1066 1169 ad
1100 1137 1179 1169 me
1214 1123 1389 1184 ipsum,
1415 1122 1500 1170 sed
1536 1123 1680 1170 etiam
1714 1123 1764 1170 in
1796 1123 1867 1182 iis,

295 1214 421 1261 quae
457 1201 518 1248 ad
554 1216 692 1249 meos
728 1201 1000 1264 pertinent:
1038 1202 1092 1251 C.
1122 1202 1405 1251 Trebatium
1442 1205 1720 1267 cogitaram,
1747 1221 1869 1268 quo-

297 1297 504 1344 cumque
547 1284 741 1341 exirem,
784 1300 976 1332 mecum
1017 1286 1209 1343 ducere,
1245 1293 1298 1333 ut
1334 1301 1446 1334 eum
1484 1287 1605 1334 meis
1643 1288 1870 1335 omnibus

298 1364 481 1422 studiis,
506 1365 751 1413 beneficiis
777 1380 924 1428 quam
949 1367 1311 1414 ornatissimum
1349 1367 1551 1415 domum
1575 1368 1868 1416 reducerem.

300 1445 396 1493 Sed
421 1453 591 1508 postea
624 1461 770 1509 quam
806 1455 853 1495 et
876 1446 1096 1510 Pompeii
1121 1448 1440 1495 commoratio
1465 1448 1732 1497 diuturnior
1754 1458 1869 1508 erat,

298 1542 443 1589 quam
468 1536 702 1590 putaram,
727 1537 773 1576 et
803 1544 913 1577 mea
938 1529 1177 1592 quaedam
1201 1529 1286 1576 tibi
1311 1545 1412 1578 non
1437 1531 1605 1593 ignota
1639 1531 1871 1579 dubitatio

298 1619 378 1657 aut
425 1609 654 1672 impedire
709 1610 1060 1672 profectionem
1115 1627 1275 1659 meam
1321 1611 1570 1660 videbatur
1616 1621 1697 1660 aut
1744 1621 1870 1661 certe

298 1691 501 1749 tardare,
526 1691 647 1750 vide,
673 1692 790 1755 quid
815 1692 932 1739 mihi
957 1693 1274 1756 sumpserim:
1314 1694 1453 1755 coepi
1472 1693 1589 1741 velle
1613 1709 1671 1742 ea
1686 1694 1870 1742 Treba-

300 1774 418 1820 tium
441 1781 722 1835 exspectare
747 1789 776 1821 a
799 1781 860 1833 te,
886 1789 1010 1837 quae
1044 1781 1284 1836 sperasset
1316 1790 1345 1822 a
1371 1790 1465 1832 me,
1491 1790 1650 1837 neque
1686 1776 1871 1823 meher-

300 1854 404 1903 cule
442 1855 602 1902 minus
644 1855 688 1902 ei
735 1855 921 1917 prolixe
961 1856 1020 1904 de
1061 1863 1144 1903 tua
1181 1856 1426 1904 voluntate
1468 1857 1682 1919 promisi,
1726 1873 1871 1920 quam

300 1951 431 1984 eram
470 1937 635 1984 solitus
677 1936 736 1985 de
773 1952 883 1984 mea
920 1937 1147 1999 polliceri.
1222 1954 1264 1986 2.
1302 1937 1458 1986 Casus
1495 1953 1609 1986 vero
1647 1939 1872 1987 mirificus

301 2018 496 2080 quidam
521 2018 772 2066 intervenit
790 2019 927 2080 quasi
945 2018 1018 2066 vel
1042 2018 1176 2066 testis
1199 2019 1444 2081 opinionis
1468 2034 1608 2067 meae
1627 2019 1700 2067 vel
1725 2036 1872 2083 spon-

303 2115 382 2148 sor
400 2099 707 2148 humanitatis
733 2109 862 2148 tuae:
899 2115 1014 2148 nam
1039 2115 1150 2147 cum
1177 2100 1236 2148 de
1256 2100 1352 2149 hoc
1375 2100 1484 2163 ipso
1505 2100 1736 2149 Trebatio
1763 2118 1872 2150 cum

302 2181 456 2230 Balbo
482 2189 648 2230 nostro
673 2182 896 2246 loquerer
922 2182 1188 2230 accuratius
1216 2182 1349 2230 domi
1372 2197 1526 2240 meae,
1553 2183 1734 2231 litterae
1758 2185 1874 2232 mihi

304 2265 477 2312 dantur
513 2279 542 2311 a
576 2272 637 2323 te,
678 2264 851 2327 quibus
892 2264 944 2312 in
984 2264 1213 2312 extremis
1260 2263 1490 2326 scriptum
1531 2272 1658 2312 erat:
1710 2265 1808 2314 ‘M.
1845 2269 1876 2324 †

302 2346 520 2405 itfiuium,
538 2361 685 2409 quem
709 2345 826 2393 mihi
851 2346 1179 2403 commendas,
1201 2345 1275 2393 vel
1300 2361 1466 2407 regem
1485 2344 1669 2394 Galliae
1687 2346 1875 2406 faciam,

302 2429 375 2476 vel
406 2428 535 2476 hunc
567 2431 598 2486 †
622 2427 808 2491 Leptae
845 2427 1026 2490 delega,
1053 2427 1092 2476 si
1116 2427 1214 2475 vis:
1249 2436 1300 2476 tu
1337 2428 1398 2475 ad
1433 2443 1512 2476 me
1549 2429 1692 2476 alium
1728 2430 1875 2490 mitte,

303 2526 450 2574 quem
475 2510 674 2562 ornem.'
736 2510 1023 2560 Sustulimus
1047 2525 1220 2559 manus
1245 2519 1292 2559 et
1316 2526 1410 2575 ego
1435 2519 1483 2559 et
1498 2509 1705 2558 Balbus:
1743 2519 1877 2559 tanta

303 2593 390 2640 suit
417 2592 769 2656 opportunitas,
794 2600 847 2640 ut
870 2591 986 2640 illud
1018 2593 1184 2641 nescio
1217 2593 1334 2655 quid
1367 2607 1468 2641 non
1501 2591 1763 2650 fortuitum,
1791 2592 1877 2640 sed

302 2675 514 2723 divinum
552 2675 798 2724 videretur.
874 2673 1017 2722 Mitto
1060 2674 1202 2737 igitur
1240 2674 1301 2722 ad
1340 2682 1384 2721 te
1412 2673 1695 2722 Trebatium
1734 2682 1876 2737 atque

300 2756 365 2804 ita
400 2757 551 2814 mitt0,
590 2764 643 2804 ut
677 2755 812 2804 initio
847 2770 957 2803 mea
994 2763 1182 2818 sponte,
1212 2763 1324 2818 post
1361 2763 1521 2803 autem
1557 2755 1754 2802 invitatu
1790 2763 1874 2803 tuo
