2040 3048
179 104 498 173 Ep.119,120.]
542 115 730 157 EPIST.
768 114 851 156 AD
887 114 1261 154 FAMILIARES
1298 114 1378 154 xl.
1416 117 1468 170 4.
1653 116 1756 171 243

177 263 287 310 spes
314 257 385 296 est
411 247 458 295 in
494 262 584 296 eo:
622 246 738 295 nihil
773 254 859 305 est,
885 245 1019 310 quod
1056 260 1158 304 non
1196 246 1493 295 existimetur
1525 243 1678 294 laudis
1709 251 1756 291 et

175 330 354 392 gloriae
381 345 528 380 causa
553 329 777 378 facturus,
838 329 1083 377 Antonius
1110 338 1284 387 autem,
1306 336 1471 378 noster
1496 327 1753 384 familia1·iS‚

174 421 308 462 tanto
348 429 398 462 se
435 413 550 461 odio
587 427 694 461 esse
731 411 976 474 intellegit,
1013 420 1080 471 ut,
1118 428 1230 460 cum
1274 411 1603 462 interfectores
1642 425 1757 459 suos

175 495 307 544 domi
335 494 750 558 conprehenderit,
777 509 878 542 rem
906 493 1121 557 proferre
1146 509 1247 542 non
1274 494 1463 544 audeat.
1534 493 1592 542 A.
1612 495 1658 545 d.
1675 510 1755 543 vn.

173 573 245 622 Id.
291 574 400 623 Oct.
442 573 754 621 Brundisium
799 580 900 620 erat
947 573 1193 635 profectus
1242 574 1436 621 obviam
1483 573 1756 636 legionibus

173 655 507 704 Macedonicis
532 663 770 717 quattuor,
797 669 918 716 quas
944 654 1034 702 sibi
1060 654 1317 702 conciliare
1342 655 1551 716 pecunia
1575 656 1755 718 cogita-

172 738 254 786 bat
290 753 470 800 easque
506 737 567 785 ad
608 737 778 785 urbem
821 735 1061 784 adducere
1104 743 1151 784 et
1188 735 1238 782 in
1280 735 1544 785 cervicibus
1580 737 1756 785 nostris

171 820 437 869 conlocare.
510 836 553 880 3.
592 818 763 867 Habes
800 818 1008 867 formam
1045 817 1111 865 rei
1148 817 1385 881 publicae,
1423 818 1463 866 si
1499 818 1550 868 in
1587 819 1756 867 castris

170 910 331 966 potest
355 917 460 950 esse
485 917 563 950 res
592 901 813 964 publica‚·
850 900 900 948 in
926 915 1025 964 quo
1059 907 1193 948 tuam
1225 899 1381 948 vicem
1415 915 1562 964 saepe
1596 901 1754 960 dole0‚

170 985 305 1048 quod
341 984 526 1032 nullam
573 991 758 1046 partem
806 998 891 1045 per
940 990 1148 1034 aetatem
1197 997 1342 1030 sanae
1389 990 1436 1030 et
1484 983 1642 1032 salvae
1690 984 1758 1033 rei

169 1067 390 1131 publicae
415 1074 607 1129 gustare
632 1065 845 1129 potuisti.
916 1066 1079 1128 Atque
1105 1064 1309 1112 antehac
1335 1064 1532 1128 quidem
1564 1082 1756 1130 sperare

170 1151 341 1198 saltem
365 1149 539 1197 licebat
554 1165 566 1207 3
605 1164 735 1197 nunc
761 1149 904 1196 etiam
929 1147 979 1195 id
1003 1155 1224 1211 ereptum
1250 1155 1349 1195 est:
1377 1163 1501 1210 quae
1528 1149 1658 1197 enim
1683 1158 1756 1199 est

169 1249 296 1296 spes,
322 1247 434 1280 cum
467 1232 516 1278 in
549 1231 777 1279 contione
809 1230 966 1278 dicere
1000 1245 1145 1278 ausus
1180 1230 1240 1277 sit
1276 1230 1520 1279 Antonius
1559 1230 1755 1279 Cannu·

171 1317 288 1363 tium
316 1314 445 1377 apud
471 1328 558 1361 eos
582 1313 746 1361 locum
780 1313 870 1361 sibi
897 1327 1139 1376 quaerere,
1167 1312 1343 1375 quibus
1374 1327 1425 1360 se
1455 1312 1587 1361 salvo
1619 1313 1755 1362 locus

168 1398 218 1445 in
263 1398 449 1445 civitate
498 1411 605 1443 esse
652 1410 754 1443 non
802 1394 998 1456 posset?
1070 1410 1114 1454 4.
1151 1393 1397 1457 Equidem
1446 1403 1494 1443 et
1540 1394 1660 1444 haec
1710 1404 1756 1444 et

169 1480 348 1538 omnia,
374 1494 498 1541 quae
535 1477 721 1525 homini
757 1477 978 1524 accidere
1014 1485 1235 1538 possunt,
1263 1476 1332 1524 sic
1369 1475 1486 1535 fero,
1513 1485 1564 1524 ut
1600 1478 1755 1540 philo-

169 1562 370 1624 sophiae
395 1575 628 1623 magnam
652 1559 858 1607 habeam
883 1558 1103 1621 gratiam,
1132 1573 1256 1621 quae
1281 1573 1361 1605 me
1387 1574 1488 1607 non
1514 1559 1666 1608 modo
1693 1561 1754 1608 ab

169 1644 489 1693 sollicitudine
537 1643 747 1696 abducit,
792 1641 878 1690 sed
920 1642 1064 1689 etiam
1106 1649 1275 1689 contra
1317 1655 1491 1689 omnes
1533 1642 1755 1692 fortunae

168 1728 380 1790 impetus
406 1733 573 1783 armat,
600 1725 781 1787 tibique
807 1724 937 1772 idem
962 1738 1141 1772 censeo
1167 1722 1443 1771 faciendum
1469 1740 1575 1783 nec,
1602 1741 1630 1773 a
1655 1741 1753 1789 quo

169 1810 310 1873 culpa
339 1808 476 1867 absit,
503 1807 766 1870 quicquam
798 1807 848 1854 in
886 1806 1025 1854 malis
1058 1806 1428 1854 numerandum.
1503 1806 1598 1855 Sed
1634 1807 1753 1856 haec

167 1900 219 1940 tu
243 1891 430 1940 melius·
500 1889 780 1938 Tratorium
813 1896 1034 1937 nostrum
1072 1903 1184 1936 cum
1220 1904 1415 1951 semper
1450 1891 1752 1952 probassem,

166 1984 270 2022 tum
294 1974 504 2022 maxime
528 1973 579 2020 in
603 1972 695 2020 tuis
719 1973 863 2020 rebus
888 1986 1131 2019 summam
1157 1971 1258 2020 eius
1283 1971 1430 2019 fidem
1455 1971 1752 2036 diligentiam

167 2056 568 2119 prudentiamque
617 2054 839 2118 cognovi.
910 2053 989 2101 Da
1044 2068 1259 2116 operam,
1307 2060 1360 2101 ut
1407 2054 1596 2115 valeas;
1657 2054 1753 2104 hoc

166 2139 282 2187 mihi
305 2139 486 2202 gratius
511 2136 668 2186 facere
692 2137 808 2184 nihil
833 2144 985 2200 potes,

488 2273 597 2318 120.
668 2268 763 2315 AD
801 2268 1220 2316 FAMILIARES
1259 2268 1345 2317 XI.
1386 2283 1431 2327 4.

213 2365 399 2416 SCR.1N
436 2365 633 2414 GALL1A
669 2381 931 2415 CITERIORE
966 2381 1193 2414 EXEUNTE
1230 2382 1387 2414 MENSE
1426 2365 1689 2415 NovEMmu

822 2463 959 2497 A.U.c.
991 2459 1101 2508 710.

383 2553 428 2586 D.
457 2551 643 2585 BRUTUS
667 2551 764 2585 IMP.
790 2552 886 2586 COS-
914 2552 1063 2585 DESIG.
1091 2552 1126 2586 S.
1154 2552 1197 2584 D.
1226 2552 1276 2584 Μ.
1303 2552 1540 2586 CICERONI.

242 2650 282 2683 1.
327 2632 379 2682 81
415 2633 474 2681 de
511 2642 593 2681 tua
628 2634 677 2680 in
712 2649 791 2681 me
828 2633 1071 2681 voluntate
1109 2633 1387 2691 dubitarem,
1427 2634 1587 2682 multis
1631 2650 1659 2683 a
1700 2643 1748 2684 te

168 2717 323 2765 verbis
358 2724 587 2779 peterem,
611 2723 663 2763 ut
693 2715 975 2778 dignitatem
1007 2731 1168 2763 meam
1192 2723 1391 2775 tuerere,
1418 2716 1503 2764 sed
1529 2717 1745 2779 profecto

168 2806 241 2848 est
265 2799 343 2856 ita,
373 2806 422 2845 ut
446 2796 562 2845 mihi
595 2798 823 2860 persuasi,
853 2813 930 2845 me
965 2799 1050 2845 tibi
1083 2813 1190 2847 esse
1225 2813 1381 2848 curae.
1452 2798 1743 2862 Progressus

912 2893 944 2927 R
970 2895 994 2928 2
