2040 3048
172 133 492 203 Ep.102,103.]
531 142 716 184 EPIST.
752 142 833 182 AD
870 141 1238 181 FAMILIARES
1275 142 1380 180 ΧΠ.
1429 130 1507 183 18.
1644 142 1742 196 217

171 283 322 340 puteS,
349 274 435 324 sed
471 274 628 331 etiam,
656 273 790 336 quod
826 272 941 319 mihi
979 287 1104 335 opus
1142 273 1212 330 sit,
1240 286 1319 319 me
1356 287 1385 319 a
1420 279 1465 319 te
1503 279 1666 334 petere
1704 279 1750 319 et

170 372 352 420 rogare.
425 355 764 405 Gratissimum
803 356 944 416 igitur
979 354 1096 401 mihi
1131 354 1314 411 feceriS,
1343 354 1381 401 si
1406 351 1749 401 Volaterranos

168 440 394 488 omnibus
419 439 562 487 rebus
587 438 800 499 integros
820 436 1183 499 incolumesque
1203 450 1310 483 esse
1330 433 1555 483 volueris:
1581 450 1749 484 eorum

169 536 263 584 ego
293 521 548 580 domicilia,
575 519 729 578 sedes,
763 533 880 577 rem,
907 518 1140 577 fortunas,
1166 533 1280 580 quae
1308 525 1356 565 et
1392 533 1421 565 a
1454 516 1526 566 dis
1551 517 1749 566 immor-

168 605 339 652 talibus
371 612 418 652 et
451 619 479 651 a
511 601 929 666 praestantissimis
963 602 1012 647 in
1047 609 1213 647 nostra
1250 615 1299 647 re
1337 600 1531 667 publica
1567 600 1748 648 civibus

169 700 362 734 summo
410 693 604 734 senatus
652 683 916 748 populique
967 682 1179 730 Romani
1230 681 1389 729 studio
1438 690 1748 731 conservatae

169 776 293 826 sunt,
334 776 444 816 tuae
486 767 597 815 fidei
636 767 840 814 iustitiae
883 764 1185 826 bonitatique
1228 763 1538 812 commendo.
1611 780 1658 824 4.
1700 765 1749 813 Si

166 865 255 913 pro
281 850 404 897 meis
427 849 637 913 pristinis
663 849 838 911 opibus
863 846 1139 895 facultatem
1165 845 1284 892 mihi
1309 859 1386 893 res
1411 845 1507 895 hoc
1530 853 1748 910 tempore

163 932 313 990 daret,
350 938 403 979 ut
450 932 515 979 ita
563 930 822 978 defendere
865 944 1062 993 possem
1098 927 1460 986 Volaterranos,
1499 943 1645 991 quem
1687 930 1749 978 ad

166 1014 368 1062 modurn
394 1013 622 1061 consuevi
648 1012 766 1060 tueri
791 1026 943 1068 meos,
972 1010 1155 1058 nullum
1190 1009 1419 1068 officium,
1447 1010 1631 1058 nullum
1664 1013 1747 1061 de-

165 1096 309 1158 nique
353 1103 613 1154 certarnen,
650 1095 700 1142 in
742 1108 841 1157 quo
882 1092 971 1140 illis
1014 1091 1249 1155 prodesse
1285 1106 1499 1155 possem,
1537 1101 1746 1156 praeter-

165 1179 402 1226 mitterem
416 1193 430 1237 ;
457 1178 543 1225 sed
562 1177 793 1240 quoniam
816 1175 946 1238 apud
971 1183 1016 1222 te
1042 1173 1194 1221 nihilo
1220 1174 1381 1222 minus
1406 1174 1502 1223 hoc
1526 1182 1745 1238 tempore

166 1260 320 1308 valere
366 1275 444 1307 me
493 1258 706 1317 confido,
745 1272 892 1321 quam
934 1255 1164 1304 valuerim
1208 1271 1400 1319 semper
1441 1257 1573 1320 apud
1615 1258 1749 1306 bonos

165 1357 351 1401 omnes,
376 1356 465 1405 pro
496 1348 662 1389 nostra
685 1354 876 1388 summa
900 1337 1254 1386 necessitudine
1281 1338 1481 1402 parique
1506 1339 1629 1388 inter
1654 1356 1745 1390 nos

165 1432 212 1473 et
237 1430 403 1472 mutua
427 1422 761 1471 benevolentia
791 1423 877 1469 abs
910 1428 956 1469 te
988 1427 1118 1483 peto,
1145 1429 1196 1467 ut
1231 1421 1296 1468 ita
1331 1421 1391 1479 de
1418 1420 1746 1471 Volaterranis

165 1522 392 1564 mereare,
440 1513 492 1553 ut
539 1505 812 1553 existiment
860 1517 972 1551 eum
1023 1502 1160 1565 quasi
1209 1502 1373 1551 divino
1422 1504 1625 1553 consilio
1673 1507 1746 1554 isti

164 1589 364 1652 negotio
396 1587 726 1652 praepositum
762 1601 883 1644 esse,
910 1584 1042 1647 apud
1072 1599 1220 1647 quern
1256 1599 1410 1633 unum
1447 1601 1540 1634 nos
1576 1602 1745 1636 eorum

165 1671 382 1737 perpetui
407 1669 686 1718 defensores
710 1669 969 1732 plurimum
995 1667 1147 1714 valere
1173 1682 1443 1729 possemus,

374 1805 482 1849 103.
554 1799 662 1848 AD
712 1798 1256 1847 FAMILIARES
1310 1798 1422 1847 XII.
1469 1801 1542 1847 18.

486 1897 590 1946 SCR.
624 1897 804 1946 ROMAE
839 1912 925 1945 SUB
961 1912 1110 1944 FINEM
1146 1911 1284 1945 A.U.c.
1321 1907 1432 1957 709.

498 2001 668 2035 chERo
703 2001 739 2034 S.
766 2001 811 2033 D.
838 1999 1110 2034 CORNIFICIO
1147 1999 1415 2034 COLLEGAE.

240 2101 280 2133 1.
318 2083 466 2143 Quon
499 2090 765 2130 extremum
790 2081 876 2129 fuit
900 2083 949 2129 in
975 2096 1033 2130 ea
1057 2083 1273 2145 epistola,
1300 2097 1450 2145 quarn
1475 2098 1503 2129 a
1529 2089 1575 2130 te
1600 2097 1743 2146 prox-

165 2169 260 2216 ime
293 2165 473 2229 accepi‚
499 2164 562 2213 ad
597 2164 646 2212 id
681 2165 891 2227 primum
927 2165 1237 2227 respondebo
1256 2180 1272 2225 3
1307 2165 1524 2213 animum
1562 2165 1746 2213 advorti

165 2251 295 2298 enim
337 2249 431 2296 hoc
477 2262 564 2296 vos
612 2261 820 2310 magnos
869 2255 1082 2295 oratores
1130 2246 1289 2296 facere
1338 2262 1742 2310 nonnumquam:

166 2330 393 2394 epistolas
418 2329 617 2392 requiris
646 2344 810 2389 meas;
848 2343 943 2392 ego
977 2336 1138 2377 autem
1171 2344 1454 2392 numquam,
1485 2345 1597 2378 cum
1629 2331 1745 2378 mihi

168 2412 498 2462 denuntiatum
535 2419 662 2459 esset
697 2427 726 2459 a
761 2412 854 2459 tuis
890 2411 957 2459 ire
995 2411 1219 2473 aliquem,
1257 2427 1359 2459 non
1397 2412 1521 2460 dedi.
1596 2412 1745 2472 Quod

166 2494 283 2542 mihi
337 2494 501 2541 videor
556 2508 616 2540 ex
672 2494 765 2542 tuis
812 2493 976 2541 litteris
1025 2493 1302 2556 intellegere
1351 2503 1396 2542 te
1445 2495 1562 2542 nihil
1609 2510 1743 2543 corn-

167 2577 423 2623 missurum
459 2589 563 2622 esse
599 2582 777 2623 temere
814 2591 904 2623 nec
940 2584 1064 2635 ante,
1103 2591 1249 2639 quarn
1288 2576 1475 2635 scisseS,
1513 2592 1612 2640 quo
1655 2579 1743 2627 iste
1778 2632 1782 2636 ⁴

168 2658 332 2706 nescio
374 2657 455 2719 qui
498 2655 735 2706 Caecilius
778 2656 957 2706 Bassus
999 2666 1285 2720 erumperet,
1324 2660 1585 2723 quicquam
1628 2662 1743 2710 certi

169 2739 551 2795 constituturum,
577 2738 626 2786 id
658 2753 753 2801 ego
783 2749 828 2787 et
855 2755 1098 2803 speraram
1126 2741 1379 2802 prudentia
1403 2751 1485 2790 tua
1511 2741 1656 2790 fretus
1682 2752 1742 2802 et,

168 2830 220 2872 ut
261 2820 572 2878 confiderem,
610 2819 825 2870 fecerunt
866 2829 975 2870 tuae
1024 2823 1322 2884 gratissimae
1369 2823 1486 2872 mihi
1533 2824 1741 2886 litterae3
