2040 3048
322 77 425 146 258
788 91 850 129 M.
895 89 1093 128 TULLII
1128 91 1295 129 orcER
1303 91 1440 129 oms
1711 81 1821 149 [Pars
1848 93 1895 134 v.

319 221 650 269 conciliandae
683 228 730 268 te
766 221 994 282 cupidum
1029 236 1134 268 esse
1166 221 1347 269 laetor:
1386 236 1493 269 eam
1531 220 1570 269 si
1607 236 1636 269 a
1673 223 1894 270 servitute

321 303 543 364 seiungis,
581 302 805 350 consules
841 310 888 350 et
929 303 995 349 rei
1032 303 1252 364 publicae
1288 312 1335 350 et
1377 303 1595 365 dignitati
1630 310 1740 351 tuae
1758 320 1771 363 ;
1821 305 1892 351 sin

321 386 411 432 ista
434 399 531 446 pax
560 384 800 444 perditum
831 383 1082 431 hominem
1115 385 1164 431 in
1197 385 1561 447 possessionem
1593 385 1896 448 impotentis-

321 467 428 513 simi
467 466 743 514 dominatus
792 465 1061 514 restitutura
1109 475 1193 524 est,
1230 466 1323 515 hoc
1366 467 1530 515 animo
1566 467 1686 515 scito
1723 482 1896 516 omnes

321 559 482 603 sanos,
515 552 568 591 ut
603 552 812 592 mortem
849 544 1058 592 servituti
1095 553 1407 608 anteponant.
1483 561 1525 593 2.
1564 545 1734 608 Itaque
1771 547 1897 608 sapi-

320 629 491 686 entius,
516 642 628 674 meo
666 627 863 691 quidem
899 628 1090 686 iudici0,
1117 628 1278 687 facieS,
1316 629 1355 676 si
1390 637 1437 677 te
1472 628 1523 676 in
1557 628 1698 676 istam
1734 629 1896 691 pacifi-

320 711 561 758 cationem
609 724 711 757 non
767 710 1062 772 interpones,
1112 725 1236 773 quae
1292 725 1451 773 neque
1500 712 1684 758 senatui
1738 726 1897 774 neque

320 791 504 856 populo
540 805 631 838 nec
670 791 895 853 cuiquam
942 792 1077 839 bono
1124 793 1366 854 probatur.
1443 792 1541 840 Sed
1576 792 1696 841 haec
1732 793 1898 841 audies

319 889 380 921 ex
406 873 509 920 aliis
535 881 615 920 aut
640 873 812 920 certior
835 872 923 920 fies
949 873 1143 921 litteris:
1179 881 1322 937 tupro
1377 882 1459 922 tua
1482 875 1756 936 prudentia,
1782 875 1898 938 quid

239 1009 243 1015 ¹
319 955 557 1017 optimum
581 953 710 1001 factu
734 954 807 1011 sit,
833 954 1029 1003 videbis.

655 1087 761 1131 132.
834 1084 929 1131 AD
966 1083 1386 1132 FAMILIARES
1424 1085 1485 1133 X.
1523 1087 1570 1133 8.

509 1179 620 1229 SCR.
659 1166 713 1227 IN*
748 1179 943 1228 GALLIA
980 1196 1137 1229 MENSE
1174 1179 1379 1229 MART10
1415 1196 1554 1230 A.U.c.
1595 1192 1705 1242 711.

319 1285 530 1319 PLANCUS
580 1285 679 1318 IMP.
718 1285 815 1318 COS.
853 1284 1006 1318 DESIG.
1044 1285 1080 1318 S.
1118 1285 1165 1317 D.
1202 1285 1322 1318 COSS.
1359 1285 1431 1317 PR.
1471 1285 1550 1318 TR.
1587 1286 1659 1319 PL.
1694 1286 1897 1320 SENATUI

742 1367 925 1400 POPULO
961 1366 1197 1406 PLEBIQUE
1232 1367 1479 1401 ROMANAE.

395 1463 436 1495 1.
475 1446 528 1495 Sr
560 1447 636 1494 cui
670 1446 792 1494 forte
826 1446 991 1495 videor
1015 1447 1191 1495 diutius
1222 1455 1269 1495 et
1304 1447 1558 1495 hominum
1583 1449 1898 1510 exspectatio-

320 1545 435 1578 nem
461 1538 506 1577 et
533 1544 672 1591 spem
697 1530 764 1577 rei
797 1529 1017 1592 publicae
1051 1529 1112 1577 de
1143 1544 1252 1576 mea
1283 1529 1524 1577 voluntate
1560 1531 1770 1578 tenuisse
1795 1546 1897 1579 sus-

320 1625 536 1674 pensam,
562 1610 674 1658 huic
710 1611 842 1673 prius
880 1611 1215 1658 excusandum
1252 1626 1331 1658 me
1369 1626 1477 1659 esse
1513 1612 1714 1659 arbitror
1750 1626 1896 1674 quarn

320 1694 380 1742 de
423 1693 694 1754 insequenti
736 1692 896 1740 officio
944 1692 1203 1755 quicquam
1250 1692 1330 1739 ulli
1378 1691 1707 1755 pollicendum
1725 1709 1737 1751 ;
1795 1709 1897 1741 non

320 1775 449 1822 enim
473 1775 777 1837 praeteritam
808 1774 1000 1837 culpam
1040 1774 1188 1822 videri
1212 1773 1323 1821 volo
1357 1773 1634 1833 redemisse,
1657 1775 1748 1823 'sed
1772 1775 1896 1838 opti-

318 1871 427 1903 mae
462 1855 638 1903 mentis
674 1856 885 1918 cogitata
917 1856 1012 1903 iam
1050 1854 1236 1917 pridem
1272 1862 1462 1902 maturo
1494 1863 1711 1917 tempore
1746 1871 1897 1904 enun-

318 1938 451 1986 tiare.
527 1952 569 1986 2.
608 1936 726 1985 Non
750 1952 829 1984 me
856 1937 1145 1999 praeteribat
1168 1937 1218 1983 in
1242 1944 1375 1984 tanta
1399 1937 1716 1985 sollicitudine
1740 1938 1895 1985 homi-

320 2034 438 2067 num
457 2026 504 2067 et
527 2025 626 2066 tam
650 2020 927 2081 perturbato
947 2026 1073 2066 statu
1098 2019 1299 2066 civitatis
1323 2017 1752 2067 fructuosissimam
1788 2035 1895 2067 esse

321 2100 675 2166 professionem
709 2101 869 2148 bonae
896 2100 1166 2158 voluntatis,
1193 2114 1494 2162 magnosque
1519 2099 1730 2149 honores
1754 2117 1814 2149 ex
1839 2117 1896 2149 ea

320 2199 372 2232 re
410 2183 682 2246 complures
729 2189 1021 2230 consecutos
1069 2181 1331 2240 videbam,
1383 2181 1482 2239 sed,
1526 2197 1638 2229 cum
1686 2183 1736 2229 in
1783 2199 1895 2231 eum

322 2281 489 2315 casum
519 2280 598 2312 me
630 2264 822 2312 fortuna
859 2263 1144 2321 demisisset,
1169 2271 1221 2311 ut
1257 2271 1338 2310 aut
1374 2263 1586 2311 celeriter
1620 2265 1895 2327 pollicendo

321 2363 501 2411 magna
523 2345 640 2394 mihi
669 2347 773 2409 ipse
812 2345 871 2393 ad
907 2345 1259 2407 proficiendum
1294 2345 1642 2408 impedimenta
1676 2361 1896 2409 oppone-

323 2446 423 2478 rem
449 2436 542 2488 aut,
569 2429 610 2476 si
645 2429 695 2475 in
720 2443 779 2476 eo
805 2426 921 2474 mihi
957 2428 1361 2490 temperavissem‚
1380 2427 1586 2475 maiores
1615 2429 1896 2477 occasiones

323 2511 384 2558 ad
409 2509 745 2573 opitulandum
769 2508 1012 2568 haberem,
1034 2507 1301 2571 expeditius
1326 2509 1414 2556 iter
1437 2509 1711 2556 communis
1734 2509 1895 2557 salutis

323 2608 470 2656 quam
504 2607 643 2639 meae
678 2591 832 2638 laudis
868 2606 975 2638 esse
1011 2590 1154 2637 volui.
1225 2588 1355 2637 Nam
1388 2590 1494 2653 quis
1530 2590 1580 2637 in
1609 2605 1667 2638 ea
1689 2590 1894 2648 fortuna,

323 2690 447 2737 quae
471 2689 580 2722 mea
604 2681 688 2732 est,
716 2680 762 2720 et
787 2673 850 2720 ab
875 2687 932 2720 ea
956 2673 1064 2730 vita,
1090 2686 1235 2734 quam
1272 2671 1321 2717 in
1351 2687 1431 2719 me
1458 2672 1706 2734 cognitam
1741 2672 1898 2719 homi-

327 2757 468 2804 nibus
505 2756 719 2813 arbitror,
745 2762 792 2801 et
827 2769 937 2802 cum
973 2768 1031 2802 ea
1067 2768 1166 2816 spe,
1192 2767 1339 2815 quam
1377 2754 1428 2800 in
1463 2752 1688 2800 manibus
1723 2752 1895 2812 habe0,

2027 2111 2040 2427 ——-J.1.0-.-—-.
2031 1978 2040 2101 -mA.-
2038 1947 2040 1963 ..
2038 1867 2040 1891 ..
2035 1838 2040 1845 .
