2040 3048
342 115 442 166 228
788 124 850 164 M.
897 123 1095 162 TULLII
1132 124 1446 164 CICERONIS
1725 111 1840 184 [Pars
1863 126 1914 166 v.

341 272 489 315 meaS,
516 257 557 306 si
578 255 730 304 modo
756 263 868 303 sunt
891 255 1077 319 aliquae
1111 270 1263 314 meae,
1289 255 1455 304 laudes
1489 255 1551 304 ad
1575 263 1620 303 te
1645 254 1913 302 transfude-

340 339 444 397 rim,
470 353 617 401 quam
646 337 855 400 aliquam
880 345 1066 400 partem
1095 338 1397 387 exhauserim
1422 354 1482 385 ex
1507 337 1627 386 tuis:
1665 352 1780 386 nam
1805 351 1916 385 cum

338 430 385 470 te
444 436 636 485 semper
693 428 881 468 tantum
941 421 1205 479 dilexerim,
1253 428 1491 484 quantum
1539 428 1591 468 tu
1638 420 1916 481 intellegere

338 503 548 566 potuisti,
573 511 676 551 turn
702 501 775 550 his
800 503 894 551 tuis
919 502 1054 551 factis
1089 503 1157 551 sic
1182 504 1407 551 incensus
1442 518 1564 561 sum,
1590 508 1643 549 ut
1666 500 1783 549 nihil
1805 516 1913 550 um-

337 599 485 647 quam
524 586 574 632 in
622 599 787 632 amore
829 584 970 632 fuerit
1010 584 1283 644 ardentius;
1339 584 1457 631 nihil
1499 593 1569 631 est
1610 584 1754 642 enim,
1796 583 1914 631 mihi

338 667 493 726 crede,
529 667 697 716 virtute
734 666 1007 725 formosius,
1045 667 1160 714 nihil
1195 666 1452 729 pulchrius,
1491 665 1607 714 nihil
1646 665 1910 713 amabilius

341 762 384 808 5.
423 748 624 812 Semper
659 750 828 807 amavi,
853 758 906 798 ut
942 749 1047 807 scis,
1075 747 1143 795 M.
1173 748 1377 797 Brutum
1413 756 1612 811 propter
1648 747 1749 796 eius
1786 762 1915 795 sum·

338 846 473 878 mum
496 831 760 893 ingenium,
780 830 1090 879 suavissimos
1114 845 1290 888 mores,
1311 830 1606 893 singularem
1625 830 1915 892 probitatem

338 923 481 974 atque
507 914 855 961 constantiam:
892 921 1058 961 tamen
1083 912 1251 960 Idibus
1276 912 1466 960 Martiis
1489 920 1679 960 tantum
1712 912 1915 960 accessit

339 995 403 1042 ad
426 1009 657 1054 amorem,
681 1003 736 1042 ut
767 995 964 1043 mirarer
986 995 1148 1043 locum
1173 994 1320 1042 fuisse
1354 995 1564 1056 augendi
1595 995 1646 1041 in
1679 1009 1755 1052 eo,
1782 992 1916 1057 quod

338 1077 457 1125 mihi
478 1077 576 1124 iam
599 1077 790 1140 pridem
823 1077 1119 1126 cumulatum
1151 1078 1298 1125 etiam
1322 1077 1585 1126 videbatur.
1657 1075 1782 1135 Quis
1815 1084 1917 1124 erat

339 1159 421 1221 qui
463 1167 649 1222 putaret
697 1159 759 1207 ad
801 1174 914 1207 eum
962 1174 1195 1217 amorem,
1231 1174 1378 1221 quem
1417 1174 1533 1221 erga
1569 1166 1616 1205 te
1657 1157 1914 1214 habebam,

292 1255 294 1257 ’
340 1256 487 1303 posse
513 1240 691 1303 aliquid
720 1241 985 1289 accedere?
1056 1241 1274 1288 Tantum
1308 1241 1524 1299 accessit,
1550 1248 1602 1288 ut
1634 1239 1752 1287 mihi
1784 1253 1915 1287 nunc

341 1323 548 1385 denique
585 1337 746 1370 amare
782 1322 957 1379 videar,
996 1330 1139 1370 antea
1175 1322 1411 1370 dilexisse.
1484 1323 1529 1370 6.
1567 1320 1680 1380 Qua
1714 1336 1765 1368 re
1801 1320 1915 1383 quid

340 1413 415 1452 est
456 1404 590 1468 quod
632 1419 726 1467 ego
762 1412 809 1452 te
845 1404 1021 1462 horter,
1057 1413 1109 1452 ut
1145 1404 1366 1465 dignitati
1402 1412 1449 1451 et
1484 1404 1666 1466 gloriae
1706 1403 1918 1451 servias?

342 1487 620 1549 Proponam
655 1486 740 1533 tibi
775 1485 930 1534 claros
962 1486 1105 1544 virOS,
1131 1486 1264 1548 quod
1300 1485 1458 1534 facere
1495 1486 1666 1545 solent,
1692 1486 1774 1548 qui
1806 1485 1917 1533 hor-

342 1569 531 1617 tantur?
581 1567 828 1615 neminem
865 1567 1023 1615 habeo
1062 1566 1311 1614 clariorem
1354 1583 1500 1630 quam
1542 1575 1589 1615 te
1630 1568 1791 1629 ipsum
1808 1583 1822 1627 ;
1868 1575 1917 1615 te

342 1652 526 1700 imitere
561 1658 768 1714 oportet,
798 1659 959 1698 tecum
997 1652 1100 1712 ipse
1138 1659 1324 1698 certes:
1361 1666 1421 1697 ne
1457 1650 1566 1697 licet
1601 1651 1798 1713 quidem
1833 1650 1917 1697 tibi

343 1736 438 1782 iam
467 1734 610 1781 tantis
643 1734 788 1780 rebus
823 1732 971 1795 gestis
1010 1747 1112 1779 non
1147 1733 1215 1780 tui
1252 1732 1456 1782 similem
1492 1747 1612 1780 esse.
1687 1742 1730 1792 7.
1769 1731 1919 1790 Quod

343 1831 455 1864 curn
479 1816 543 1863 ita
566 1815 640 1872 sit,
659 1814 866 1862 hortatio
891 1829 993 1861 non
1018 1822 1092 1862 est
1115 1815 1400 1872 necessaria,
1421 1813 1739 1877 gratulatione
1763 1814 1918 1876 magis

343 1897 577 1946 utendum
623 1905 725 1946 est:
786 1896 989 1958 contigit
1037 1895 1168 1944 enim
1215 1896 1301 1944 tibi
1348 1896 1480 1959 quod
1527 1895 1658 1943 haud
1705 1895 1807 1943 scio
1855 1911 1918 1942 an

345 1980 540 2038 nemini,
576 1987 628 2028 ut
669 1994 860 2027 summa
902 1979 1125 2026 severitas
1164 1978 1595 2026 animadversionis
1630 1993 1733 2025 non
1768 1977 1919 2025 modo

345 2077 447 2111 non
487 2060 735 2118 invidiosa,
775 2061 860 2108 sed
905 2061 1048 2109 etiarn
1090 2061 1337 2123 popularis
1376 2068 1502 2108 esset
1539 2068 1589 2108 et
1626 2075 1738 2107 cum
1776 2060 1919 2107 bonis

345 2143 572 2192 omnibus
608 2150 711 2189 tum
736 2142 904 2190 infimo
940 2142 1113 2205 cuique
1143 2143 1427 2203 gratissima.
1499 2141 1616 2189 Hoc
1653 2142 1693 2189 si
1717 2142 1801 2188 tibi
1827 2141 1920 2190 for-

347 2237 464 2275 tuna
503 2224 717 2288 quadam
756 2224 1052 2286 contigisset,
1088 2223 1348 2285 gratularer
1390 2223 1599 2270 felicitati
1640 2230 1779 2282 tuae;
1836 2224 1921 2271 sed

347 2306 550 2368 contigit
576 2306 911 2368 magnitudine
945 2320 1059 2354 cum
1091 2305 1240 2352 animi
1265 2311 1369 2352 turn
1403 2306 1548 2352 etiam
1573 2305 1754 2366 ingenii
1777 2314 1921 2368 atque

350 2389 568 2449 consilii;
604 2389 699 2450 legi
724 2389 854 2436 enim
879 2387 1159 2436 contionem
1185 2395 1344 2435 tuam:
1382 2386 1497 2434 nihil
1522 2386 1600 2434 illa
1633 2387 1920 2449 sapientius;

351 2474 415 2520 ita
433 2471 779 2534 pedetemptim
803 2477 851 2517 et
873 2469 1112 2532 gradatim
1138 2478 1240 2516 turn
1267 2483 1492 2517 accessus
1517 2483 1546 2516 a
1569 2476 1616 2515 te
1641 2468 1702 2515 ad
1727 2483 1923 2516 causam

353 2551 476 2610 facti,
496 2559 598 2599 turn
621 2567 857 2610 recessus,
875 2560 928 2599 ut
950 2567 1026 2599 res
1044 2552 1149 2612 ipsa
1172 2550 1492 2597 maturitatem
1517 2550 1600 2597 tibi
1625 2549 1926 2598 animadver-

352 2633 483 2682 tendi
529 2636 748 2681 omnium
796 2648 1034 2682 concessu
1081 2633 1229 2680 daret.
1318 2633 1361 2678 8.
1406 2631 1643 2678 Liberasti
1690 2631 1833 2693 igitur
1879 2642 1926 2680 et

353 2716 522 2762 urbem
540 2715 754 2777 periculo
779 2724 826 2763 et
849 2715 1085 2762 civitatem
1110 2722 1256 2771 metu,
1279 2728 1436 2775 neque
1462 2713 1619 2760 solum
1647 2712 1708 2759 ad
1733 2721 1925 2776 tempus

354 2797 615 2844 maximam
664 2798 913 2845 utilitatem
962 2795 1170 2854 attulisti,
1215 2795 1300 2843 sed
1342 2795 1484 2842 etiam
1526 2794 1587 2842 ad
1635 2795 1923 2861 exemplum.
