2040 3048
233 142 302 193 Ep.
328 127 558 196 114,115.]
619 137 808 178 EPIST.
834 139 917 178 AD
940 138 1311 178 FAMILIARES
1338 139 1443 178 XII.
1480 142 1523 180 1.
1710 142 1812 196 235

231 268 364 331 quod
384 276 547 316 tamen
571 282 749 315 munus
775 275 822 314 et
840 266 1052 315 hominis
1078 266 1355 315 amicissimi
1379 264 1642 313 memoriae
1669 273 1812 327 atque

231 349 499 398 honoribus
535 357 778 414 praestare
815 350 961 397 etiam
998 349 1173 398 mortui
1199 348 1360 408 debui,
1387 356 1433 396 et
1458 347 1671 410 optimae
1709 347 1812 410 spei

231 431 525 479 adulescenti
568 445 624 479 ac
672 431 958 494 dignissimo
1004 430 1212 479 Caesare
1255 430 1435 493 petenti
1485 444 1665 492 negare
1713 445 1814 478 non

230 514 381 577 potui.
455 525 498 574 7.
524 512 650 562 Veni
670 513 814 561 etiam
840 513 1053 562 consulis
1073 512 1274 561 Antonii
1294 512 1496 560 domum
1521 526 1665 574 saepe
1690 509 1813 560 salu-

229 596 362 643 tandi
395 611 542 644 causa
558 611 573 655 3
611 595 674 643 ad
713 610 860 658 quem
903 596 984 658 qui
1021 611 1099 643 me
1136 611 1309 659 parurn
1346 594 1527 657 patriae
1568 601 1813 642 amantem

229 693 336 726 esse
383 678 659 726 existimant
705 678 910 740 rogandi
958 678 1157 741 quidem
1211 677 1390 740 aliquid
1437 685 1519 724 aut
1566 675 1813 725 auferendi

228 776 375 809 causa
410 760 685 823 frequentes
720 760 951 808 ventitare
987 760 1210 823 reperies.
1285 759 1382 807 Sed
1419 774 1542 822 quae
1579 758 1701 807 haec
1742 765 1814 806 est

228 842 526 905 adrogantia,
547 841 681 905 quod
707 841 888 891 Caesar
912 857 1182 905 numquam
1208 841 1537 904 interpellavit,
1558 842 1689 904 quin,
1710 841 1814 903 qui-

227 927 319 973 bus
343 923 514 972 vellem
539 933 682 986 atque
708 924 852 971 etiam
876 938 1000 987 quos
1025 924 1129 987 ipse
1163 939 1266 972 non
1299 923 1541 985 diligebat,
1569 931 1733 970 tamen
1758 921 1814 968 iis

227 1017 396 1066 uterer,
434 1021 533 1065 eos,
575 1006 656 1069 qui
697 1005 814 1053 mihi
852 1006 1064 1054 amicum
1106 1007 1394 1069 eripuerunt,
1439 1005 1685 1068 carpendo
1735 1018 1813 1050 me

227 1090 414 1138 efficere
461 1089 640 1147 conari,
689 1103 765 1146 ne,
814 1103 941 1151 quos
983 1088 1137 1146 velim,
1187 1088 1418 1151 diligam?
1491 1090 1532 1136 8.
1574 1086 1671 1135 Sed
1712 1101 1813 1134 non

227 1189 393 1221 vereor
441 1188 502 1220 ne
550 1180 632 1219 aut
677 1187 816 1220 meae
854 1172 976 1219 vitae
1019 1171 1260 1219 modestia
1305 1186 1478 1234 parum
1515 1170 1713 1218 valitura
1754 1169 1814 1217 sit

227 1256 277 1303 in
315 1262 563 1318 posterum
597 1262 766 1302 contra
802 1254 949 1303 falsos
982 1269 1214 1312 rumores,
1253 1262 1334 1301 aut
1369 1270 1431 1302 ne
1467 1253 1611 1301 etiam
1646 1252 1694 1310 ii,
1731 1251 1812 1314 qui

227 1353 307 1386 me
342 1352 445 1386 non
481 1347 646 1385 amant
670 1346 868 1400 propter
902 1352 1063 1384 meam
1100 1337 1150 1384 in
1175 1334 1439 1384 Caesarem
1475 1335 1811 1391 constantiam,

227 1436 328 1469 non
364 1420 532 1468 malint
568 1421 664 1467 mei
698 1435 846 1483 quam
884 1421 957 1468 sui
994 1419 1172 1467 similes
1210 1419 1393 1466 amicos
1424 1418 1617 1466 habere.
1689 1418 1812 1465 Mihi

226 1503 424 1567 quidem
461 1504 500 1551 si
536 1511 703 1566 optata
739 1503 1038 1565 contingent,
1065 1501 1199 1565 quod
1231 1501 1469 1563 reliquum
1505 1509 1577 1549 est
1600 1501 1737 1560 vitae,
1763 1503 1812 1549 in

225 1587 326 1635 otio
352 1585 517 1634 Rhodi
550 1586 754 1648 degam;
797 1586 872 1634 sin
905 1600 1046 1633 casus
1080 1584 1252 1647 aliquis
1282 1583 1604 1646 interpellarit,
1634 1584 1696 1632 ita
1729 1601 1812 1634 ero

226 1669 431 1726 Romae,
469 1676 522 1716 ut
557 1676 686 1716 recte
722 1669 824 1716 fieri
860 1682 1054 1730 semper
1090 1667 1299 1729 cupiam.
1371 1665 1605 1714 Trebatio
1642 1676 1813 1716 nostro

225 1766 429 1815 magnas
455 1766 549 1813 ago
575 1751 765 1813 gratias,
793 1750 927 1813 quod
953 1758 1087 1797 tuum
1118 1764 1234 1810 erga
1269 1764 1348 1796 me
1382 1749 1598 1796 animum
1633 1750 1812 1813 simpli-

225 1850 334 1882 cem
369 1842 513 1897 atque
549 1834 760 1881 amicum
798 1833 984 1895 aperuit
1021 1840 1068 1880 et
1104 1832 1240 1895 quod
1276 1846 1403 1889 eum,
1437 1846 1583 1894 quem
1621 1847 1814 1896 semper

223 1916 426 1964 libenter
468 1915 625 1974 dilexi,
668 1930 768 1977 quo
817 1915 974 1978 magis
1016 1915 1115 1962 iure
1158 1915 1316 1963 colere
1365 1922 1508 1977 atque
1555 1915 1813 1966 observare

225 1998 468 2057 deberem,
495 1997 617 2046 fecit.
692 1997 827 2045 Bene
852 1997 956 2045 vale
982 2005 1029 2045 et
1053 2011 1132 2044 me
1157 1996 1316 2060 dilige.

535 2132 644 2178 115.
715 2129 810 2177 AD
848 2129 1271 2177 FAMILIARES
1308 2129 1422 2178 XII.
1466 2145 1506 2178 1.

478 2224 588 2276 ScR.
624 2241 852 2274 EXEUNTE
889 2241 1045 2274 MENSE
1083 2225 1223 2275 MAro
1260 2241 1402 2275 A.u.c.
1443 2239 1554 2288 710.

768 2331 940 2364 cremo
976 2331 1136 2365 CAssm
1171 2331 1273 2364 SAL.

303 2428 341 2461 1.
378 2410 539 2460 FmEM
586 2411 768 2459 nullam
816 2410 956 2470 facio,
994 2412 1113 2459 mihi
1160 2412 1317 2471 crede,
1368 2411 1522 2470 Cassi,
1561 2412 1621 2461 de
1670 2421 1716 2462 te
1765 2422 1812 2463 et

228 2493 378 2542 Bruto
414 2500 595 2553 nostro,
629 2493 677 2540 id
713 2502 786 2542 est
822 2494 882 2542 de
918 2501 1021 2542 tota
1055 2510 1106 2542 re
1142 2495 1350 2557 publica,
1387 2495 1647 2556 cogitandi,
1675 2498 1812 2545 cuius

228 2577 389 2624 omnis
426 2591 538 2639 spes
574 2576 623 2623 in
659 2577 795 2625 vobis
832 2585 904 2625 est
939 2584 986 2624 et
1022 2578 1072 2624 in
1108 2576 1168 2625 D.
1207 2576 1356 2624 Bruto
1377 2592 1390 2636 3
1430 2593 1578 2640 quam
1615 2579 1812 2642 quidem

227 2660 322 2707 iam
360 2659 516 2706 habeo
560 2659 661 2721 ipse
704 2659 968 2718 meliorem,
1013 2676 1062 2707 re
1106 2660 1301 2722 publica
1341 2675 1369 2707 a
1406 2659 1661 2708 Dolabella
1687 2650 1813 2710 ‘meo

228 2741 604 2804 praeclarissime
647 2749 819 2803 gesta:
858 2743 1085 2789 manabat
1124 2743 1253 2789 enim
1294 2742 1411 2790 illud
1453 2742 1634 2790 malum
1672 2745 1812 2793 urba-

227 2839 346 2872 num
389 2831 436 2872 et
474 2824 538 2872 ita
578 2823 992 2872 conroborabatur
1032 2824 1261 2886 quotidie,
1301 2833 1352 2873 ut
1390 2840 1484 2888 ego
1526 2826 1722 2888 quidem
1766 2835 1812 2875 et
