2040 3048
152 122 335 191 Ep,41.]
423 132 610 172 EPIST.
652 130 734 170 AD
771 113 1149 171 FAMILIARES
1187 131 1313 173 vm.
1359 134 1436 185 14.
1629 133 1725 188 117

150 277 291 310 suurn
326 274 621 324 quemquam
657 266 755 306 tam
793 258 948 307 oderit
981 274 1127 322 quam
1170 274 1263 317 me,
1290 266 1433 320 atque
1466 271 1526 305 eo
1559 258 1729 319 magis,

152 339 284 404 quod
320 354 407 402 per
447 338 666 386 iniuriam
704 338 793 386 sibi
831 346 966 400 putat
1003 344 1287 400 auguratum
1327 342 1559 398 ereptum,
1597 336 1732 384 cuius

149 438 244 486 ego
292 430 460 470 auctor
507 419 692 468 fuerim.
782 419 927 468 Nunc
975 419 1086 467 furit
1126 427 1224 467 tam
1271 418 1463 481 gavisos
1510 417 1732 465 homines

151 520 291 554 suum
316 503 535 552 dolorem
558 515 810 565 unumque
840 500 990 550 modo
1022 516 1102 549 me
1137 500 1477 548 studiosiorem
1503 498 1730 547 Antonii:

150 603 264 635 nam
312 585 402 635 Cn.
442 584 753 634 Saturninum
801 583 1160 632 adulescentem
1210 583 1314 646 ipse
1363 581 1453 630 Cn.
1490 581 1734 630 Domitius

150 685 287 729 reum
318 668 446 728 fecit,
473 683 589 716 sane
614 681 762 730 quam
799 666 1043 730 superiore
1068 682 1096 714 a
1119 666 1215 714 vita
1246 664 1536 713 invidiosum
1551 680 1564 723 ;
1602 664 1735 726 quod

150 751 379 800 iudicium
415 765 547 798 nunc
583 750 632 797 in
669 749 1032 812 exspectatione
1069 756 1155 807 est,
1193 747 1338 796 etiam
1374 747 1423 794 in
1458 748 1590 795 bona
1632 761 1733 808 spe,

151 843 263 898 post
289 833 400 882 Sex,
427 831 666 880 Peducaei
692 830 1064 879 absolutionem.
1138 846 1181 879 2.
1218 828 1295 878 De
1322 844 1514 878 summa
1538 844 1588 877 re
1611 829 1735 892 pub-

151 918 242 966 lica
266 931 411 979 saepe
446 914 531 963 tibi
556 913 739 976 scripsi,
771 928 852 960 me
888 928 1102 961 annuam
1138 927 1313 975 pacem
1350 927 1453 960 non
1487 911 1664 970 videre,
1689 919 1737 960 et

152 1015 250 1064 quo
275 998 475 1062 propius
509 1011 568 1044 ea
597 995 858 1050 contentio,
885 1009 1031 1057 quarn
1064 995 1166 1043 fieri
1198 1009 1399 1043 necesse
1423 1001 1509 1053 est,
1535 994 1734 1054 accedit,

154 1098 215 1132 eo
241 1081 412 1131 clarius
438 1079 486 1127 id
521 1078 789 1142 periculum
815 1085 1028 1141 apparet.
1098 1077 1410 1140 Propositum
1443 1076 1539 1124 hoc
1563 1084 1649 1135 est,
1675 1076 1736 1124 de

155 1180 268 1228 quo,
316 1163 399 1227 qui
444 1175 603 1210 rerum
650 1159 913 1222 potiuntur,
963 1166 1075 1207 sunt
1130 1158 1411 1218 dimicaturi,
1462 1159 1596 1223 quod
1643 1158 1734 1209 Cn.

156 1246 417 1310 Pompeius
443 1243 691 1293 constituit
726 1258 828 1290 non
862 1242 961 1305 pati
987 1241 1043 1291 C.
1069 1241 1330 1290 Caesarem
1366 1241 1616 1290 consulem
1651 1242 1735 1290 ali-

154 1340 226 1380 ter
261 1328 375 1386 fieri,
412 1326 506 1374 nisi
541 1324 803 1373 exercitum
839 1331 887 1372 et
922 1324 1192 1387 provincias
1228 1323 1473 1371 tradiderit
1490 1340 1503 1383 ;
1541 1322 1736 1373 Caesari

156 1420 318 1462 autem
352 1421 636 1472 persuasum
674 1414 746 1454 est
786 1421 838 1454 se
886 1405 1070 1454 salvum
1112 1421 1219 1454 esse
1257 1421 1359 1454 non
1397 1420 1559 1469 posse,
1595 1406 1647 1454 sz‘
1675 1408 1738 1455 ab

157 1493 369 1543 exercitu
408 1489 675 1539 recesserit.
744 1487 858 1536 Fert
904 1488 1035 1536 illam
1077 1497 1241 1537 tamen
1288 1488 1643 1547 condicionem,
1685 1496 1738 1537 ut

158 1578 306 1626 ambo
354 1572 591 1622 exercitus
639 1570 844 1619 tradant.
927 1569 1006 1618 Sic
1054 1571 1118 1618 illi
1168 1586 1360 1619 amores
1408 1579 1455 1619 et
1501 1570 1740 1619 invidiosa

158 1657 435 1708 coniunctio
474 1669 577 1702 non
612 1653 676 1701 ad
711 1653 953 1701 occultam
994 1654 1162 1702 recidit
1199 1654 1615 1711 obtrectationem,
1653 1653 1739 1701 sed

157 1743 221 1791 ad
243 1740 421 1788 bellum
454 1753 507 1785 se
532 1735 687 1798 erupit
705 1752 718 1796 3
754 1751 928 1798 neque,
954 1751 1173 1785 mearum
1208 1752 1370 1785 rerum
1404 1736 1521 1799 quid
1553 1736 1739 1785 consilii

159 1825 362 1888 capiam,
387 1819 606 1884 reperi03
645 1818 778 1881 quod
812 1833 914 1866 non
947 1819 1130 1879 dubito,
1157 1820 1274 1882 quin
1307 1828 1353 1867 te
1387 1834 1583 1882 quoque
1617 1817 1739 1866 haec

160 1903 439 1956 deliberatio
476 1901 536 1949 sit
570 1901 915 1964 perturbatura.
987 1901 1117 1950 Nam
1158 1901 1275 1949 mihi
1312 1917 1424 1950 cum
1461 1901 1739 1949 hominibus

160 1990 234 2038 his
259 1995 307 2036 et
330 1984 482 2049 gratia
505 1990 552 2031 et
576 1982 886 2031 necessitudo
910 1992 983 2032 est
1003 1999 1014 2032 :
1053 1999 1252 2032 causam
1284 1984 1428 2041 illam,
1454 1999 1557 2031 non
1580 1982 1740 2031 homi·

161 2086 248 2121 nes
273 2069 370 2117 odi.
445 2082 488 2128 3.
524 2064 649 2113 Illud
685 2072 733 2112 te
769 2079 870 2112 non
908 2066 1110 2114 arbitror
1145 2054 1326 2129 fugere,
1364 2065 1481 2128 quin
1516 2065 1739 2113 homines

161 2156 211 2203 in
248 2149 549 2200 dissensione
575 2147 842 2195 domestica
867 2148 1089 2208 debeant,
1116 2163 1261 2211 quam
1300 2147 1382 2196 diu
1418 2147 1612 2196 civiliter
1636 2147 1740 2195 sine

162 2235 306 2285 armis
343 2239 559 2289 certetur,
590 2230 921 2278 honestiorem
954 2231 1091 2293 sequi
1122 2239 1322 2293 partem,
1353 2230 1435 2278 ubi
1469 2230 1532 2278 ad
1560 2229 1739 2277 bellum

163 2327 210 2368 et
248 2323 402 2365 castra
442 2321 642 2361 ventum
684 2313 753 2371 sit,
795 2312 1073 2369 firmiorem,
1113 2320 1160 2360 et
1207 2312 1257 2360 id
1304 2312 1475 2359 melius
1518 2320 1738 2369 statuere,

165 2398 297 2465 quod
331 2396 479 2444 tutius
516 2395 588 2442 sit.
661 2394 720 2441 In
756 2394 847 2442 hac
884 2394 1125 2442 discordia
1159 2393 1300 2441 video
1332 2392 1422 2442 Cn.
1451 2392 1737 2455 Pompeium

166 2487 385 2530 senatum
421 2477 602 2540 quique
636 2491 712 2524 res
748 2475 961 2524 iudicant
998 2491 1164 2524 secum
1202 2475 1493 2533 habiturum,
1519 2475 1582 2522 ad
1618 2474 1740 2524 Cae-

166 2577 323 2614 sarem
358 2574 543 2618 omnes,
578 2559 659 2621 qui
695 2573 806 2606 cum
842 2558 1014 2605 timore
1051 2565 1133 2605 aut
1167 2557 1296 2604 mala
1332 2571 1420 2618 spe
1456 2556 1628 2615 vivant,
1662 2572 1743 2605 ac·

167 2656 403 2699 cessuros,
450 2640 711 2688 exercitum
764 2638 1112 2687 conferendum
1171 2653 1272 2685 non
1330 2652 1452 2686 esse.
1525 2637 1742 2686 Omnino

169 2726 283 2775 satis
317 2722 456 2785 spatii
493 2729 565 2770 est
598 2721 661 2770 ad
685 2720 1064 2769 considerandas
1099 2720 1345 2781 utriusque
1376 2720 1544 2782 copias
1580 2728 1626 2767 et
1661 2721 1742 2768 eli-

167 2805 379 2869 gendam
425 2811 624 2867 partem.
696 2818 741 2862 4.
779 2803 937 2865 Prope
976 2801 1152 2849 oblitus
1195 2815 1317 2860 sum,
1357 2801 1490 2863 quod
1531 2802 1743 2850 maxime
