2040 3048
306 93 409 144 260
771 102 834 142 M.
879 100 1078 139 TULLII
1114 99 1429 139 CICERONIS
1690 89 1803 156 [Pars
1830 99 1880 138 v.

306 231 552 294 explorate
588 228 798 276 iudicare
831 227 1082 274 volumus:
1121 227 1337 288 legiones
1370 226 1528 273 habeo
1554 225 1766 287 quinque
1793 224 1882 271 sub
1944 216 1946 218 ¹

305 313 455 375 signis
480 320 527 359 et
566 326 653 358 sua
686 309 780 357 fide
815 309 1081 371 virtuteque
1117 309 1185 356 rei
1218 307 1437 371 publicae
1464 306 1882 355 coniunctissimas

306 401 352 440 et
388 400 554 440 nostra
589 391 867 439 liberalitate
903 390 1044 438 nobis
1081 390 1420 451 obsequentes,
1445 387 1740 451 provinciam
1777 401 1882 434 om·

307 473 440 520 nium
478 471 736 521 civitatium
773 487 1018 520 consensu
1053 470 1409 534 paratissimam
1451 477 1499 517 et
1539 483 1731 516 summa
1765 483 1883 516 con·

307 555 519 603 tentione
569 554 632 602 ad
680 553 837 602 officia
885 561 1164 611 certantem,
1215 553 1453 615 equitatus
1501 551 1884 614 auxiliorumque

311 645 465 685 tantas
489 638 671 699 copiaS,
699 644 905 699 quantas
937 636 1028 684 hae
1060 643 1230 696 gentes
1262 634 1324 682 ad
1355 634 1712 682 defendendam
1748 648 1884 682 suam

318 719 510 768 salutem
561 719 926 781 libertatemque
963 717 1200 766 conficere
1248 725 1483 779 possunt;
1536 717 1640 779 ipse
1678 716 1743 763 ita
1778 731 1885 764 sum

314 801 474 848 animo
511 809 719 863 paratus,
756 805 810 847 ut
840 800 914 847 vel
953 800 1250 862 provinciam
1286 799 1406 846 tueri
1441 797 1515 846 vel
1556 799 1638 856 ire,
1676 813 1774 860 quo
1811 813 1886 846 res

309 882 501 944 publica
536 891 691 940 vocet,
717 882 791 929 vel
829 882 1014 929 tradere
1051 881 1327 939 exercitum,
1359 881 1535 928 auxilia
1568 881 1887 943 provinciam-

312 979 405 1026 que
453 964 526 1011 vel
573 978 771 1011 omnem
814 963 1050 1025 impetum
1091 962 1204 1009 belli
1251 962 1302 1008 in
1348 977 1428 1009 me
1470 970 1748 1010 convertere
1789 977 1888 1010 non

312 1062 546 1105 recusem,
573 1047 612 1094 si
641 1046 792 1093 modo
825 1061 937 1093 meo
977 1060 1093 1093 casu
1125 1052 1207 1092 aut
1239 1045 1523 1093 confirmare
1555 1046 1736 1107 patriae
1766 1045 1889 1093 salu·

314 1140 412 1176 tem
442 1137 524 1176 aut
556 1128 821 1192 periculum
857 1128 1043 1190 possim
1078 1127 1270 1174 morari.
1343 1137 1386 1188 7.
1425 1127 1564 1175 Haec
1601 1128 1640 1175 si
1676 1129 1773 1175 iam
1808 1143 1889 1175 ex-

315 1210 487 1272 peditis
524 1211 751 1258 omnibus
787 1211 930 1258 rebus
968 1209 1323 1272 tranquilloque
1358 1217 1484 1257 statu
1519 1210 1718 1258 civitatis
1755 1209 1892 1272 polli-

316 1307 442 1350 ceor,
468 1292 519 1339 in
543 1291 724 1339 damno
749 1307 888 1339 meae
916 1290 1071 1339 laudis
1108 1290 1175 1337 rei
1207 1290 1427 1352 publicae
1461 1291 1724 1339 commodo
1748 1291 1891 1340 laeta·

317 1374 430 1431 b0r;
476 1373 553 1421 sin
593 1373 656 1421 ad
704 1374 984 1421 societatem
1026 1372 1445 1434 integerrimorum
1486 1380 1534 1420 et
1570 1374 1891 1421 maximorum

318 1454 639 1518 periculorum
684 1454 928 1513 accedam,
965 1454 1167 1502 consilia
1202 1470 1313 1502 mea
1348 1455 1514 1517 aequis
1557 1455 1796 1503 iudicibus
1833 1455 1893 1503 ab

320 1538 667 1585 obtrectatIOne
715 1537 991 1584 invidorum
1039 1537 1345 1585 defendenda
1391 1538 1699 1585 commendo.
1771 1537 1894 1584 Mihi

321 1618 518 1681 quidem
554 1620 647 1682 ipsi
690 1619 873 1667 fructus
913 1620 1196 1667 meritorum
1233 1634 1453 1666 meorum
1488 1619 1538 1666 in
1574 1620 1641 1666 rei
1677 1619 1895 1682 publicae

322 1701 649 1750 incolumitate
698 1702 810 1750 satis
861 1717 1065 1765 magnus
1114 1711 1186 1750 est
1233 1710 1461 1765 paratus3
1522 1716 1607 1750 eos
1648 1716 1776 1760 vero,
1816 1703 1896 1765 qui

322 1798 482 1830 meam
514 1785 846 1832 auctoritatem
883 1792 930 1832 et
968 1784 1120 1831 multo
1154 1784 1310 1845 magis
1343 1791 1550 1832 vestram
1574 1783 1719 1831 fidem
1749 1785 1900 1832 secuti

325 1881 415 1913 nec
449 1865 546 1912 ulla
581 1881 666 1928 spe
704 1865 859 1928 decipi
894 1881 985 1915 nec
1022 1866 1119 1914 ullo
1157 1874 1290 1914 metu
1323 1866 1487 1913 terreri
1534 1874 1808 1928 potuerunt,
1848 1874 1900 1912 ut

328 1947 697 1996 commendatos
723 1948 859 1996 vobis
883 1948 1115 2005 habeatis,
1143 1948 1408 2010 petendum
1432 1948 1629 1996 videtur.

651 2083 758 2127 133.
830 2077 924 2126 AD
960 2078 1380 2126 FAMILIARES
1418 2079 1478 2126 X.
1522 2095 1594 2127 10.

524 2175 631 2224 SCR.
670 2175 852 2224 ROMAE
887 2190 953 2224 111.
994 2175 1122 2223 KAL.
1159 2175 1371 2224 APRILES
1408 2191 1544 2225 Amne.
1585 2188 1697 2238 711.

916 2278 1086 2313 01cERo
1123 2279 1321 2313 PLANCO.

406 2374 446 2406 1.
483 2357 602 2405 ETs1
645 2357 758 2404 satis
800 2372 861 2404 ex
902 2356 1084 2404 Furnio
1123 2364 1290 2404 nostro
1327 2372 1611 2419 cognoram,
1653 2374 1778 2420 quae
1824 2367 1906 2406 tua

335 2441 571 2498 voluntas,
597 2438 731 2501 quod
767 2438 1023 2486 consilium
1061 2438 1121 2487 de
1148 2454 1200 2486 re
1232 2439 1424 2501 publica
1451 2448 1590 2498 esset,
1615 2447 1778 2488 tamen
1814 2441 1907 2489 tuis

334 2518 499 2566 litteris
535 2517 670 2565 lectis
700 2516 928 2579 liquidius
954 2517 1014 2564 de
1046 2524 1149 2565 toto
1180 2532 1325 2565 sensu
1347 2525 1431 2565 tuo
1456 2517 1672 2566 iudicavi.
1743 2517 1908 2577 Quam

334 2601 400 2648 ob
447 2615 563 2657 rem,
607 2615 902 2663 quamquam
943 2599 993 2646 in
1031 2614 1130 2647 uno
1173 2599 1355 2661 proelio
1403 2600 1561 2648 omnis
1607 2599 1796 2648 fortuna
1841 2602 1909 2649 rei

336 2682 556 2744 publicae
595 2681 1033 2743 disceptat—quod
1065 2680 1273 2743 quidem,
1299 2696 1410 2728 cum
1439 2681 1559 2728 haec
1591 2681 1789 2744 legeres,
1814 2682 1909 2729 iam

338 2759 584 2807 decretum
611 2758 872 2806 arbitrabar
895 2758 1082 2812 fore-——,
1107 2766 1270 2806 tamen
1301 2759 1406 2821 ipsa
1429 2757 1571 2816 fama,
1597 2773 1721 2821 quae
1746 2759 1806 2807 de
1830 2766 1911 2806 tua
