2040 3048
324 118 425 156 222
763 117 825 157 M.
871 117 1066 157 TULLII
1104 120 1421 160 CICERONIS
1704 110 1820 179 [Pars
1846 123 1895 163 V.

632 309 741 356 107.
811 307 905 354 AD
941 307 1367 358 FAMILIARES
1405 309 1491 357 XI.
1539 326 1577 360 1.

683 401 791 451 SCR.
827 418 985 452 MENSE
1020 403 1196 452 APR1L1
1232 420 1373 455 A.U.c.
1416 417 1530 467 710.

590 505 635 537 n.
672 505 858 539 BRUTUS
895 506 1056 539 BRUTO
1090 506 1180 540 suo
1215 507 1279 540 ET
1315 508 1474 542 CASSIO
1510 507 1613 541 sAr..

396 600 434 631 1.
475 583 590 643 Quo
624 584 675 632 in
705 592 832 632 statu
864 587 1028 646 simuS,
1067 587 1378 650 cognoscite:
1416 587 1519 635 heri
1555 588 1742 651 vesperi
1765 587 1897 652 apud

321 678 399 712 me
425 664 611 713 Hirtius
635 665 720 714 fuit
734 682 746 725 ;
785 682 881 730 qua
904 675 1066 716 mente
1091 675 1220 716 esset
1250 668 1509 728 AntoniuS,
1535 668 1894 728 demonstravit,

320 746 534 808 pessima
570 747 747 796 scilicet
787 756 835 795 et
881 749 1218 797 infidelissima.
1293 749 1423 798 Nam
1472 765 1523 798 se
1571 765 1731 813 neque
1777 751 1897 799 mihi

320 829 616 890 provinciam
641 829 754 878 dare
778 845 925 893 posse
952 832 1108 880 aiebat
1131 848 1290 895 neque
1315 833 1530 882 arbitrari
1565 842 1668 882 tuto
1703 835 1754 882 in
1778 836 1895 883 urbe

321 926 426 959 esse
465 927 761 976 quemquam
796 923 1017 962 nostrum
1033 929 1047 974 ;
1086 915 1211 963 adeo
1248 930 1355 964 esse
1389 916 1593 963 militum
1629 917 1896 966 concitatos

321 994 510 1041 animos
546 1001 595 1041 et
629 993 808 1056 plebis:
846 995 981 1058 quod
1016 1003 1274 1058 utrumque
1305 1011 1412 1045 esse
1446 995 1620 1045 falsum
1656 1006 1773 1060 puto
1808 1013 1895 1046 vos

321 1075 699 1123 animadvertere
758 1083 903 1139 atque
961 1076 1077 1124 illud
1124 1092 1231 1126 esse
1289 1093 1470 1136 verum,
1519 1079 1653 1142 quod
1709 1078 1895 1128 Hirtius

321 1155 695 1215 demonstrabat,
720 1157 888 1205 timere
920 1173 1033 1206 eum
1068 1174 1143 1219 ne,
1170 1160 1210 1208 si
1245 1160 1491 1209 mediocre
1526 1161 1754 1209 auxilium
1791 1162 1896 1225 dig-

321 1239 480 1286 nitatis
504 1247 696 1287 nostrae
721 1237 1071 1300 habuissemus,
1097 1241 1255 1289 nullae
1278 1250 1440 1304 partes
1464 1241 1538 1291 his
1554 1243 1603 1289 in
1629 1258 1680 1290 re
1705 1243 1898 1306 publica

323 1320 714 1383 relinquerentur.
793 1337 832 1369 2.
873 1321 1001 1370 Cum
1036 1323 1086 1370 in
1121 1323 1196 1371 his
1231 1324 1466 1386 angustiis
1500 1340 1725 1384 versarer,
1750 1326 1898 1388 placi-

323 1410 425 1449 tum
450 1410 522 1450 est
544 1402 661 1451 mihi
683 1413 739 1453 ut
761 1404 1058 1468 postularem
1094 1405 1389 1467 legationem
1425 1406 1624 1453 liberam
1649 1406 1765 1454 mihi
1789 1408 1897 1455 reli-

324 1484 526 1547 quisque
572 1486 762 1545 nostris,
811 1494 864 1534 ut
910 1485 1070 1548 aliqua
1117 1502 1264 1535 causa
1309 1487 1646 1550 proficiscendi
1692 1488 1898 1537 honesta

324 1575 642 1629 quaereretur.
714 1568 860 1616 Hanc
902 1583 953 1616 se
995 1568 1361 1631 impetraturum
1398 1569 1638 1632 pollicitus
1677 1579 1763 1630 est,
1805 1586 1897 1619 nec

323 1656 487 1696 tamen
527 1648 892 1711 impetraturum
928 1650 1157 1698 confido:
1201 1658 1335 1698 tanta
1370 1659 1441 1700 est
1476 1651 1731 1700 hominum
1766 1653 1896 1701 inso-

323 1731 468 1779 lentia
491 1738 539 1779 et
571 1732 722 1779 nostri
758 1732 1046 1791 insectati03
1082 1747 1139 1780 ae
1175 1733 1215 1780 si
1251 1733 1468 1781 dederint
1505 1733 1638 1796 quod
1673 1734 1894 1797 petimus,

323 1822 485 1861 tamen
510 1813 655 1875 paulo
691 1822 802 1876 post
837 1813 1051 1861 futurum
1088 1822 1205 1877 puto
1227 1822 1282 1862 ut
1317 1814 1481 1863 hostes
1515 1816 1782 1864 iudicemur
1816 1826 1897 1865 aut

323 1909 452 1957 aqua
475 1902 522 1942 et
545 1894 646 1957 igni
665 1895 807 1943 nobis
832 1895 1154 1943 interdicatur.
1230 1911 1270 1957 3.
1312 1896 1446 1955 Quid
1470 1912 1587 1959 ergo
1612 1906 1697 1955 est,
1722 1898 1895 1961 inquis,

323 1977 391 2024 tui
430 1976 653 2025 consilii?
707 1977 914 2025 Dandus
950 1985 1022 2025 est
1062 1977 1199 2025 locus
1239 1977 1489 2038 fortunae;
1526 1978 1799 2027 cedendum
1835 1996 1895 2028 ex

323 2059 473 2116 Italia,
498 2059 808 2121 migrandum
832 2058 1066 2106 Rhodum
1101 2067 1183 2107 aut
1216 2059 1377 2122 aliquo
1409 2068 1640 2108 terrarum
1665 2062 1893 2111 arbitror:

324 2141 364 2189 si
398 2140 567 2189 melior
590 2155 730 2189 casus
765 2141 918 2199 fuerit,
943 2149 1233 2189 revertemur
1268 2141 1482 2189 Romam
1498 2157 1511 2201 ;
1549 2142 1589 2190 si
1624 2142 1893 2203 mediocris,

323 2222 374 2270 in
420 2222 588 2271 exsilio
633 2223 845 2271 vivemus
862 2239 875 2283 ;
925 2223 965 2270 si
1011 2223 1264 2285 pessimus,
1301 2223 1363 2271 ad
1410 2223 1674 2272 novissima
1720 2226 1895 2274 auxilia

325 2304 696 2353 descendemus.
770 2321 813 2364 4.
855 2303 1115 2353 Succurret
1151 2303 1354 2353 fortasse
1383 2304 1479 2352 hoc
1515 2305 1624 2353 loco
1649 2305 1789 2354 alicui
1813 2323 1896 2356 ves

324 2394 465 2445 trum,
491 2401 578 2434 cur
606 2387 921 2435 novissimum
957 2394 1147 2448 tempus
1172 2396 1511 2449 exspectemus
1546 2389 1721 2450 potius,
1748 2404 1895 2452 quam

325 2483 456 2516 nunc
479 2467 658 2531 aliquid
682 2467 971 2516 moliamur?
1015 2467 1146 2526 Quia
1169 2469 1251 2516 ubi
1276 2469 1597 2518 consistamus
1622 2485 1724 2518 non
1747 2471 1895 2520 habe-

325 2565 433 2597 mus
469 2557 656 2612 praeter
698 2548 808 2597 Sex.
846 2549 1134 2611 Pompeium
1171 2558 1218 2597 et
1254 2549 1460 2598 Bassum
1499 2551 1776 2612 Caecilium,
1814 2555 1895 2616 qui

326 2630 442 2678 mihi
480 2630 697 2678 videntur
743 2631 837 2679 hoc
881 2631 1050 2678 nuntio
1098 2631 1158 2678 de
1201 2629 1409 2680 Caesare
1456 2633 1615 2680 adlato
1661 2634 1896 2683 firmiores

327 2712 468 2761 futuri
489 2729 503 2772 3
542 2713 656 2762 satis
680 2721 898 2774 tempore
924 2712 986 2760 ad
1018 2726 1104 2760 eos
1129 2712 1431 2772 accedemus,
1455 2714 1538 2761 ubi
1570 2715 1687 2777 quid
1710 2716 1897 2765 valeant

327 2795 585 2842 scierimus.
658 2793 752 2841 Pro
779 2793 949 2843 Cassio
983 2801 1030 2842 et
1065 2801 1126 2853 te,
1153 2793 1192 2841 si
1229 2793 1343 2857 quid
1376 2809 1455 2842 me
1483 2794 1633 2844 velitis
1669 2796 1894 2859 recipere,
