2040 3048
158 148 230 199 Ep.
255 131 478 208 107,108.]
523 144 710 188 EPIST.
737 143 819 183 AD
855 142 1131 185 ATTICUM
1165 143 1283 186 xlv.
1329 145 1410 184 12.
1633 142 1736 199 223

157 272 417 335 recipiam3
455 270 668 333 postulat
686 270 818 318 enim
842 269 938 318 hoc
959 268 1145 317 Hirtius
1168 275 1221 316 ut
1245 267 1433 316 faciam.
1508 275 1552 326 5.
1590 263 1739 326 Rogo

158 367 245 402 vos
293 368 440 416 quam
488 353 699 416 primum
754 351 872 399 mihi
918 350 1372 399 rescribatis—nam
1419 362 1523 396 non
1570 347 1740 395 dubito

159 435 279 498 quin
305 434 365 482 de
400 434 475 482 his
501 435 644 482 rebus
670 441 779 481 ante
816 433 987 481 horam
1011 440 1231 496 quartam
1264 430 1455 479 Hirtius
1488 429 1740 478 certiorem

159 532 239 564 me
282 517 341 565 sit
376 516 669 576 facturus—3
706 530 853 578 quem
889 515 939 562 in
986 515 1147 563 locum
1186 513 1443 562 convenire
1479 511 1740 575 possimuS,

161 613 260 662 quo
284 613 364 646 me
389 598 540 646 velitis
571 597 746 651 venire,
771 597 1032 645 rescribite.
1103 595 1222 644 Post
1256 594 1574 643 novissimum
1600 592 1743 640 Hirtii
1813 613 1821 620 ·

162 695 438 729 sermonem
482 679 712 742 placitum
754 687 826 727 est
863 678 982 727 mihi
1023 677 1269 741 postulare
1305 685 1359 725 ut
1397 677 1563 725 liceret
1598 674 1744 724 nobis

163 763 354 812 Romae
370 777 476 811 esse
492 761 688 825 publico
705 761 967 825 praesidio:
993 760 1128 824 quod
1142 760 1248 809 illos
1263 759 1406 808 nobis
1424 772 1744 807 concessuros

163 860 265 894 non
290 852 409 908 puto
420 860 435 904 3
473 859 705 906 magnam
729 844 860 892 enim
884 844 1115 892 invidiam
1130 843 1186 891 iis
1207 842 1452 891 faciemus.
1518 840 1650 889 Nihil
1674 847 1745 887 ta-

164 943 278 976 men
292 941 394 975 non
413 926 759 990 postulandum
777 926 954 989 putavi,
964 926 1098 990 quod
1117 940 1329 989 aequum
1348 939 1455 973 esse
1471 931 1743 973 statuerem.

492 1060 602 1105 108.
672 1057 767 1105 AD
802 1055 1129 1105 ATTICUM
1165 1054 1303 1103 XIV.
1349 1071 1428 1103 12.

221 1152 329 1203 SCR.
366 1152 610 1202 PUTEoms
646 1169 692 1202 A.
729 1170 774 1202 D.
812 1170 858 1202 x.
895 1153 1165 1202 KALENDAS
1201 1151 1366 1200 MArAs
1400 1165 1538 1200 A.u.c.
1581 1161 1693 1213 710.

697 1258 869 1292 c1CERo
906 1257 1084 1291 ATTrco
1118 1256 1221 1290 SAL.

242 1353 283 1387 1.
321 1337 367 1387 O
405 1354 463 1388 Ml
498 1339 674 1398 Attice,
713 1355 883 1387 vereor
926 1355 988 1388 ne
1026 1339 1169 1387 nobis
1215 1338 1333 1386 Idus
1381 1336 1587 1384 Martiae
1633 1334 1751 1383 nihil

169 1421 388 1470 dederint
429 1430 617 1483 praeter
663 1422 891 1470 laetitiam
939 1429 987 1469 et
1034 1420 1131 1469 odii
1178 1434 1393 1483 poenam
1448 1434 1506 1467 ac
1555 1418 1749 1466 doloris.

170 1502 312 1562 Quae
347 1503 464 1551 mihi
498 1504 626 1552 istim
651 1504 965 1553 adferuntur?
1002 1518 1126 1567 quae
1161 1501 1240 1550 hic
1275 1501 1455 1550 video?
1491 1501 1524 1546 ὦ
1558 1502 1754 1562 πράξεως

170 1589 299 1645 καλῆς
321 1588 412 1645 μέν,
436 1586 616 1634 ἀτελοῦς
640 1588 690 1633 δέ
703 1590 726 1634 l
774 1586 893 1645 Scis,
919 1601 1068 1650 quam
1093 1585 1292 1647 diligam
1319 1583 1507 1633 Siculos
1532 1591 1580 1631 et
1603 1583 1753 1645 quam

169 1668 300 1716 illam
339 1668 610 1717 clientelam
648 1669 907 1717 honestam
947 1668 1186 1716 iudicem:
1236 1667 1389 1714 multa
1429 1665 1518 1714 illis
1556 1664 1752 1723 Caesar,

172 1765 330 1812 neque
366 1766 446 1798 me
484 1752 647 1810 invito,
674 1752 762 1799 etsi
797 1750 1032 1798 Latinitas
1066 1758 1167 1798 erat
1201 1764 1304 1797 non
1339 1747 1553 1807 ferenda,
1580 1761 1747 1795 verum

172 1839 418 1882 tamen—.
490 1834 621 1883 Ecce
646 1841 808 1882 autem
832 1833 1077 1881 Antonius
1102 1839 1304 1895 accepta
1339 1830 1512 1893 grandi
1546 1830 1755 1892 pecunia

174 1913 276 1961 fixit
312 1914 472 1978 legem
513 1933 543 1965 a
581 1915 814 1964 dictatore
857 1914 1062 1962 comitiis
1103 1914 1264 1972 latam,
1301 1927 1399 1975 qua
1437 1912 1585 1960 Siculi
1624 1912 1753 1960 cives

176 1994 420 2057 Romani;
458 1997 594 2045 cuius
617 1997 685 2044 rei
709 1997 816 2044 vivo
846 1996 927 2044 illo
951 1996 1137 2044 mentio
1162 1995 1307 2043 nulla.
1380 1993 1548 2054 Quid?
1605 1993 1754 2042 Deio-

176 2079 263 2126 tari
298 2081 448 2128 nostri
484 2096 629 2129 causa
663 2095 766 2128 non
802 2079 1001 2128 similis?
1048 2078 1242 2141 Dignus
1279 2077 1356 2125 ille
1389 2077 1589 2140 quidem
1621 2077 1757 2125 omni

176 2176 347 2223 regno,
373 2163 461 2211 sed
495 2177 597 2211 non
633 2178 720 2226 per
743 2161 976 2210 Fulviam.
1049 2161 1282 2209 Sescenta
1317 2160 1502 2208 similia.
1574 2159 1760 2208 Verum

177 2243 288 2291 illuc
322 2244 510 2294 refero:
558 2253 659 2293 tam
698 2244 878 2293 claram
920 2252 1116 2306 tamque
1162 2249 1385 2291 testatam
1420 2257 1524 2290 rem
1564 2249 1761 2306 tamque

177 2325 367 2384 iustam,
405 2326 722 2386 Buthrotiam,
759 2342 861 2375 non
908 2326 1180 2375 tenebimus
1216 2325 1376 2388 aliqua
1411 2340 1471 2373 ex
1507 2325 1678 2387 parte?
1714 2331 1762 2372 et

180 2426 241 2460 eo
291 2410 487 2475 quidem
535 2411 708 2473 magis,
748 2424 847 2473 quo
895 2410 985 2457 iste
1033 2409 1208 2471 plura?
1282 2424 1327 2457 2.
1364 2406 1637 2456 Nobiscum
1683 2406 1762 2455 hic

179 2493 533 2557 perhonorifice
569 2501 618 2542 et
653 2493 808 2541 amice
840 2492 1085 2551 Octavius,
1111 2506 1258 2554 quem
1295 2490 1493 2554 quidem
1529 2489 1603 2538 sui
1639 2488 1761 2538 Cae-

182 2591 340 2624 sarem
379 2575 664 2635 salutabant,
690 2574 941 2638 Philippus
978 2589 1081 2622 non
1113 2575 1229 2631 item,
1255 2573 1417 2635 itaque
1446 2587 1508 2619 ne
1541 2586 1632 2620 nos
1658 2572 1762 2634 qui-

183 2658 295 2706 dem
315 2673 330 2717 3
374 2673 520 2720 quem
544 2673 674 2720 nego
699 2672 845 2720 posse
870 2673 959 2704 esse
990 2657 1175 2705 bonum
1201 2656 1354 2704 civem
1374 2669 1385 2702 ε
1425 2654 1490 2702 ita
1514 2654 1649 2702 multi
1674 2654 1763 2702 cir-

183 2746 439 2797 cumstant,
465 2739 545 2801 qui
571 2739 768 2801 quidem
792 2739 970 2787 nostris
1003 2746 1209 2785 mortem
1235 2736 1529 2783 minitantur.
1601 2735 1764 2799 Negat

183 2818 302 2875 haec
327 2820 438 2868 ferri
462 2835 620 2884 posse.
683 2820 817 2880 Quid
842 2836 1027 2878 censes,
1046 2834 1158 2868 cum
1183 2819 1396 2867 Romam
1422 2833 1541 2882 puer
1565 2819 1763 2877 venerit,
