2040 3048
93 95 160 146 Ep.
188 82 253 150 8.]
440 94 628 133 EPIST.
668 94 751 133 AD
788 93 1066 134 ATTJCUM
1103 95 1142 135 I.
1190 83 1272 134 16.
1608 97 1664 134 21

92 223 437 287 promulgavit:
489 225 553 272 ita
591 225 788 273 comitia
824 225 873 272 in
912 241 950 272 a.
989 226 1031 273 d.
1068 241 1131 273 vr.
1204 224 1312 272 Kal.
1358 223 1486 274 Sext.
1527 225 1671 272 dilata

91 315 214 354 sunt.
286 306 412 355 Novi
455 315 528 355 est
568 307 617 354 in
658 306 765 369 lege
807 307 918 365 hoc,
952 315 1004 355 ut
1043 307 1125 370 qui
1164 321 1394 356 nummos
1433 307 1481 355 in
1520 307 1670 355 tribus

90 389 423 452 pronuntiarit,
449 389 490 437 si
526 404 627 438 non
667 389 866 446 dederit,
894 390 1095 453 impune
1139 390 1228 449 sit;
1281 389 1357 437 sin
1394 389 1593 447 dederit,
1618 397 1669 436 ut

91 471 252 534 quoad
299 472 423 519 vivat
470 471 670 534 singulis
719 472 936 520 tribubus
975 470 1080 520 HS.
1122 484 1197 521 010
1240 484 1318 521 cm
1356 484 1430 520 cm
1480 471 1668 520 debeat.

89 550 202 599 Dixi
225 551 350 601 hanc
373 553 531 616 legem
557 553 608 601 P.
637 552 864 601 Clodium
892 554 988 600 iam
1023 561 1133 601 ante
1170 568 1417 613 servasse;
1454 567 1669 615 pronun-

90 635 203 682 tiare
229 635 357 683 enim
405 636 599 684 solitum
647 651 752 684 esse
780 643 827 683 et
875 650 974 683 non
1025 635 1151 683 dare.
1251 633 1351 683 Sed
1410 634 1530 682 heus
1591 636 1669 682 tul

88 717 283 764 videsne
331 718 636 765 consulatum
684 717 817 765 illum
865 726 1099 775 nostrum,
1149 732 1298 780 quem
1339 716 1487 765 Curio
1529 725 1672 765 antea

87 800 327 847 ἀποθέωσιν
348 800 568 858 vocabat,
595 801 634 848 si
670 800 749 848 hic
786 800 943 848 factus
975 799 1074 858 erit,
1103 799 1267 847 fabam
1302 799 1508 847 mimum
1545 799 1670 847 futu·

88 879 226 926 rum?
273 892 369 941 qua
403 895 468 937 re,
506 887 559 926 ut
594 879 784 942 opinor,
817 879 1158 939 φιλοσοφητέον,
1195 879 1246 926 id
1281 879 1415 942 quod
1450 887 1502 927 tu
1536 878 1669 938 facis,

88 966 135 1005 et
158 958 276 1006 istos
306 957 584 1006 consulatus
618 973 720 1006 non
745 958 888 1007 flocci
924 958 1131 1006 facteon.
1208 974 1283 1017 14.
1310 957 1461 1017 Quod
1496 958 1559 1006 ad
1589 974 1670 1007 me

87 1037 268 1096 scribis,
293 1044 339 1085 te
364 1037 414 1084 in
439 1036 606 1085 Asiam
644 1038 868 1085 statuisse
902 1052 1005 1085 non
1030 1038 1112 1095 ire,
1139 1036 1368 1100 equidem
1402 1037 1595 1085 mallem
1619 1045 1671 1085 ut

88 1117 194 1175 ireS‚
220 1132 277 1164 ac
306 1131 476 1165 vereor
511 1132 572 1165 ne
605 1117 723 1180 quid
759 1117 808 1164 in
845 1118 935 1165 ista
971 1132 1022 1165 re
1058 1117 1220 1165 minus
1256 1115 1518 1165 commode
1552 1117 1635 1165 fiat
1655 1133 1668 1177 ;

88 1199 174 1248 sed
215 1207 379 1247 tamen
426 1214 528 1247 non
575 1214 778 1262 possum
821 1198 1172 1262 reprehendere
1220 1199 1477 1247 consilium
1519 1207 1669 1258 tuum,

86 1282 367 1345 praesertim
396 1297 508 1330 cum
541 1288 738 1345 egomet
761 1281 810 1329 in
836 1281 1137 1344 provinciam
1159 1295 1262 1329 non
1292 1281 1382 1328 sim
1407 1280 1668 1343 profectus.

91 1376 165 1425 15.
200 1363 575 1426 Epigrammatis
610 1364 719 1422 tuiS,
757 1379 883 1428 quae
919 1365 968 1411 in
998 1362 1258 1411 Amaltheo
1293 1364 1515 1427 posuisti,
1553 1379 1669 1412 con-

88 1447 202 1495 tenti
226 1447 418 1503 erimus,
443 1447 727 1508 praesertim
762 1462 874 1494 cum
908 1454 955 1494 et
979 1445 1201 1509 Thyillus
1236 1461 1328 1494 nos
1357 1446 1599 1510 reliquerit
1623 1454 1671 1495 et

85 1528 287 1577 Archias
335 1528 451 1575 nihil
498 1528 559 1576 de
602 1544 680 1576 me
728 1529 984 1591 scripserit,
1030 1544 1087 1577 ac
1125 1543 1295 1576 vereor
1335 1544 1412 1588 ne,
1455 1529 1668 1578 Lucullis

85 1612 315 1676 quoniam
341 1610 584 1660 Graecum
617 1616 797 1674 poe'ma
822 1610 1055 1670 condidit,
1080 1626 1211 1659 nunc
1245 1611 1308 1659 ad
1341 1610 1668 1660 Caecilianam

85 1693 295 1742 fabulam
335 1701 536 1756 spectet.
629 1694 705 1741 16.
756 1693 974 1742 Antonio
1018 1701 1103 1741 tuo
1142 1693 1342 1741 nomine
1380 1694 1557 1756 gratias
1591 1696 1669 1757 egi

85 1790 288 1838 eamque
328 1775 585 1838 epistolam
619 1773 789 1823 Mallio
823 1774 934 1823 dedi
953 1791 966 1835 ;
1014 1775 1077 1822 ad
1114 1783 1161 1823 te
1196 1775 1306 1823 ideo
1342 1784 1483 1824 antea
1517 1776 1668 1825 rarius

84 1858 265 1921 scripsi,
286 1857 419 1920 quod
430 1872 546 1913 ⁸non
571 1856 812 1905 habebam
840 1857 1086 1916 idoneum,
1112 1857 1189 1905 cui
1215 1857 1396 1916 darem,
1423 1874 1515 1907 nec
1552 1861 1666 1908 satis

83 1940 307 1998 sciebam,
325 1954 424 2002 quo
451 1939 629 1987 darem.
702 1939 859 1988 Valde
883 1948 929 1988 te
954 1940 1208 1988 venditavi.
1288 1952 1365 2002 17.
1403 1940 1602 1990 Cincius
1628 1943 1667 1991 si

83 2021 197 2085 quid
234 2021 296 2069 ad
334 2036 412 2068 me
455 2021 523 2069 tui
564 2021 744 2084 negotii
785 2021 1018 2080 detulerit,
1065 2022 1355 2085 suscipiam3
1410 2023 1497 2072 sed
1536 2040 1666 2073 nunc

83 2104 238 2166 magis
275 2103 323 2150 in
360 2118 450 2151 suo
493 2111 566 2151 est
598 2112 880 2166 occupatus,
906 2104 956 2151 in
990 2119 1089 2167 quo
1133 2119 1227 2167 ego
1261 2105 1306 2152 ei
1342 2121 1444 2153 non
1479 2107 1665 2156 desum.

84 2185 177 2244 Tu,
221 2186 259 2234 si
296 2201 396 2233 uno
437 2186 486 2233 in
527 2186 638 2234 loco
676 2202 729 2235 es
766 2186 965 2240 futurus,
1001 2189 1194 2236 crebras
1236 2204 1265 2236 a
1301 2190 1443 2238 nobis
1485 2189 1665 2238 litteras

83 2276 311 2330 exspecta
324 2284 336 2327 ;
380 2276 452 2316 ast
476 2268 637 2331 plures
666 2269 812 2318 etiam
847 2270 950 2332 ipse
988 2270 1178 2319 mittito.
1270 2273 1343 2319 18.
1398 2271 1559 2320 Velim
1603 2278 1666 2321 ad

82 2365 160 2398 me
197 2351 392 2409 scribas,
429 2351 564 2399 cuius
602 2351 738 2399 modi
775 2353 834 2399 sit
863 2353 1118 2412 Ἀμαλθεῖον
1154 2361 1304 2411 tuum,
1343 2369 1441 2416 quo
1478 2364 1663 2413 ornatu,

83 2446 178 2494 qua
223 2434 466 2492 τοποθεσίᾳ,
516 2441 562 2480 et
610 2448 733 2495 quae
781 2439 1009 2496 po'e‘mata
1057 2450 1274 2497 quasque
1328 2436 1554 2485 historias
1602 2438 1663 2486 de

81 2514 311 2573 Ἀμαλθείᾳ
332 2514 482 2563 habes
506 2515 567 2563 ad
591 2531 670 2563 me
696 2517 886 2564 mittas:
923 2518 1057 2565 lubet
1089 2518 1206 2564 mihi
1243 2517 1399 2566 facere
1437 2519 1485 2566 in
1520 2519 1662 2583 Arpi-

84 2595 194 2642 nati.
265 2595 375 2658 Ego
399 2597 482 2644 tibi
509 2597 688 2659 aliquid
714 2597 774 2645 de
801 2599 922 2646 meis
947 2599 1137 2662 scriptis
1170 2599 1384 2648 mittam:
1421 2601 1538 2648 nihil
1563 2610 1663 2649 erat

84 2676 305 2725 absoluti.
