2040 3048
118 102 186 153 Ep.
215 90 281 157 9.]
498 98 682 138 EPIST.
724 97 805 135 AD
843 95 1120 136 ATTJCUM
1152 96 1215 135 II.
1265 99 1307 136 1.
1628 97 1693 151 23

118 233 335 290 modurn,
363 230 494 293 quod
528 230 577 277 in
614 230 682 277 eis
718 229 1032 286 orationibuS‚
1060 242 1183 290 quae
1215 225 1511 288 Philippicae
1536 224 1692 271 nomi-

117 323 305 372 nantur,
331 314 564 361 enituerat
589 312 701 359 civis
726 311 803 358 ille
828 318 935 359 tuus
964 305 1384 376 [Demosthenes],
1406 314 1452 355 et
1477 306 1612 369 quod
1643 319 1694 352 se

119 397 179 444 ab
204 396 298 443 hoc
322 392 648 442 refractariolo
672 390 878 440 iudiciali
903 390 1095 439 dicendi
1120 405 1297 453 genere
1322 389 1619 444 abiunxerat,
1643 393 1695 432 ut

118 481 372 537 σεμνότερός
412 495 476 523 τις
517 483 564 522 et
603 476 927 534 πολιτικώτερος
966 471 1215 530 videretur,
1259 485 1426 519 curare
1466 476 1518 517 ut
1557 482 1695 516 meae

117 574 311 622 quoque
345 565 507 606 essent
538 556 797 614 orationeS‚
831 570 956 618 quae
990 554 1268 603 consulares
1304 552 1694 610 nominarentur3

117 656 319 705 quarum
344 655 441 687 una
471 646 543 687 est
571 639 622 686 in
653 646 822 685 senatu
847 636 958 684 Kal.
991 635 1241 693 Ianuariis,
1269 634 1416 682 altera
1446 633 1509 681 ad
1538 647 1695 695 popu-

115 724 216 771 lum
241 723 300 770 de
330 722 437 784 lege
463 721 663 783 agraria,
689 720 825 768 tertia
850 719 910 767 de
935 718 1147 776 Othone,
1174 725 1344 780 quarta
1367 730 1457 779 pro
1483 714 1696 771 Rabiri0‚

116 806 284 869 quinta
317 803 377 852 de
412 803 794 867 proscriptorum
830 801 951 860 filiis,
986 808 1136 859 sexta,
1169 814 1282 848 cum
1314 797 1613 862 provinciam
1648 796 1698 843 in

119 887 347 936 contione
356 885 574 948 deposui,
584 884 802 947 septima,
811 898 907 946 qua
924 881 1180 931 Catilinam
1196 882 1347 940 emisi,
1357 888 1540 939 octava,
1550 893 1698 942 quam

117 969 265 1018 habui
298 968 361 1016 ad
389 966 626 1030 populum
658 966 887 1029 postridie
913 980 1060 1028 quam
1086 964 1292 1014 Catilina
1317 962 1542 1027 profugit,
1568 975 1701 1009 nona

118 1052 168 1099 in
205 1051 446 1109 contione,
473 1064 572 1113 quo
609 1048 686 1096 die
721 1048 1012 1110 Allobroges
1047 1048 1391 1105 †invocarunt,
1426 1045 1615 1094 decima
1647 1043 1698 1091 in

122 1141 305 1191 senatu,
331 1130 490 1180 Nonis
515 1130 879 1179 Decembribus
956 1129 1078 1178 Sunt
1095 1129 1345 1192 praeterea
1369 1128 1492 1176 duae
1515 1128 1699 1183 breveS‚

119 1215 258 1279 quasi
275 1216 613 1274 ἀποσπασμάτια
627 1213 747 1276 legis
772 1213 1000 1275 agrariae.
1063 1211 1180 1259 Hoc
1200 1219 1356 1259 totum
1377 1216 1500 1269 σῶμα
1520 1208 1700 1257 curabo

119 1305 172 1345 ut
195 1296 375 1344 habeas
393 1311 407 1355 3
446 1303 494 1343 et
518 1295 750 1357 quoniam
782 1302 828 1342 te
854 1308 965 1342 cum
999 1294 1188 1355 scripta,
1214 1300 1319 1340 tum
1347 1307 1423 1340 res
1455 1306 1594 1339 meae
1619 1289 1701 1338 de-

121 1380 312 1436 lectant,
337 1377 494 1425 isdem
519 1392 579 1425 ex
604 1377 732 1423 libris
757 1376 1019 1439 perspicies
1044 1383 1091 1423 et
1116 1390 1239 1438 quae
1259 1374 1492 1437 gesserim
1511 1381 1557 1421 et
1576 1386 1701 1435 quae

122 1461 351 1510 dixerim:
389 1467 472 1507 aut
496 1473 557 1506 ne
581 1458 894 1521 poposcisses
918 1473 932 1517 5
959 1472 1053 1520 ego
1073 1458 1202 1504 enim
1227 1457 1313 1504 tibi
1336 1471 1416 1504 me
1435 1470 1537 1503 non
1562 1454 1703 1503 offer-

122 1525 300 1592 ebam.‘
317 1558 361 1601 4.
381 1541 531 1600 Quod
551 1541 754 1603 quaeriS‚
771 1539 889 1602 quid
909 1540 968 1587 sit
990 1539 1125 1602 quod
1143 1547 1190 1587 te
1212 1553 1468 1596 arcessam,
1487 1553 1544 1586 ac
1563 1536 1703 1585 simul

120 1625 404 1688 impeditum
428 1631 474 1671 te
499 1622 706 1686 negotiis
731 1637 837 1670 esse
863 1622 1121 1684 significas,
1152 1636 1311 1685 neque
1340 1635 1534 1669 recusas
1571 1619 1702 1683 quin,

122 1723 224 1756 non
238 1707 390 1755 modo
411 1706 450 1754 si
466 1721 591 1769 opus
607 1706 680 1763 sit,
701 1705 788 1753 sed
803 1705 946 1752 etiam
968 1705 1007 1752 si
1026 1704 1182 1762 velim,
1199 1717 1436 1761 accurraS‚
1453 1701 1568 1749 nihil
1588 1715 1704 1749 sane

122 1799 193 1839 est
216 1804 444 1849 necesse;
469 1804 635 1837 verum
658 1797 822 1837 tamen
846 1787 1069 1836 videbare
1088 1788 1204 1834 mihi
1220 1796 1444 1850 tempora
1460 1784 1705 1849 peregrin-

123 1873 295 1920 ationis
320 1870 628 1920 commodius
664 1885 810 1933 posse
836 1870 1120 1918 discribere:
1156 1869 1299 1917 nimis
1319 1869 1436 1916 abes
1456 1868 1551 1921 diu,
1567 1881 1704 1930 prae-

125 1955 284 2002 sertim
311 1968 422 2001 cum
448 1953 511 2001 sis
536 1953 586 2000 in
604 1952 889 2016 propinquis
913 1951 1043 2010 locis,
1071 1966 1230 2014 neque
1255 1965 1347 1999 nos
1371 1958 1418 1998 te
1435 1949 1635 1997 fruimur
1658 1955 1706 1996 et

125 2043 176 2083 tu
200 2036 342 2083 nobis
368 2050 514 2083 cares.
531 2035 649 2082 ‘Ac
674 2049 804 2082 nunc
829 2034 1025 2097 quidem
1051 2034 1205 2081 otium
1231 2040 1316 2091 est,
1354 2032 1456 2091 sed,
1482 2032 1522 2080 si
1558 2030 1704 2095 paulo

126 2118 233 2182 plus
269 2117 399 2165 furor
434 2116 664 2164 Pulchelli
699 2115 925 2179 progredi
972 2124 1150 2178 posset,
1193 2115 1333 2163 valde
1375 2129 1469 2177 ego
1506 2121 1553 2162 te
1578 2113 1706 2161 istim

127 2199 396 2247 excitarem.
455 2198 638 2246 Verum
657 2198 900 2261 praeclare
919 2197 1144 2245 Metellus
1163 2196 1364 2260 impedit
1388 2204 1435 2244 et
1459 2194 1701 2258 impediet.

129 2279 262 2340 Quid
286 2280 508 2343 quaeris?
545 2288 618 2328 est
643 2280 814 2328 consul
838 2283 1098 2340 φιλόπατρις
1121 2288 1180 2338 et,
1201 2288 1254 2328 ut
1278 2294 1470 2342 semper
1488 2278 1705 2335 iudicavi,

131 2371 298 2411 natura
341 2364 516 2410 bonus.
591 2374 636 2423 5.
685 2361 769 2410 Ille
817 2372 979 2410 autem
1027 2377 1129 2410 non
1177 2361 1380 2419 simulat,
1430 2361 1517 2409 sed
1565 2360 1708 2423 plane

129 2446 345 2494 tribunus
369 2446 432 2508 pl.
459 2445 559 2492 fieri
585 2445 715 2508 cupit
730 2461 742 2505 ;
780 2460 876 2508 qua
904 2445 957 2491 de
978 2460 1027 2492 re
1062 2459 1173 2493 cum
1199 2445 1249 2491 in
1275 2452 1445 2491 senatu
1472 2450 1708 2505 ageretur,

132 2527 251 2590 fregi
307 2527 556 2575 hominem
615 2534 663 2575 et
709 2527 1085 2575 inconstantiam
1133 2526 1234 2574 eius
1281 2524 1582 2588 reprehendi,
1625 2513 1707 2586 qui

133 2608 320 2656 Romae
351 2609 642 2656 tribunatum
673 2609 736 2671 pl.
773 2615 969 2671 peteret,
998 2623 1109 2656 cum
1143 2608 1193 2654 in
1227 2607 1385 2655 Sicilia
1417 2606 1708 2654 aedilitatem

134 2705 184 2738 se.
209 2697 369 2752 petere
392 2690 666 2748 dictitasset,
700 2705 859 2752 neque
895 2704 1078 2751 magno
1115 2704 1262 2751 opere
1299 2688 1397 2735 dixi
1422 2703 1528 2736 esse
1566 2687 1708 2735 nobis

93 2824 102 2829 λ
134 2770 464 2828 laborandum,
491 2770 624 2836 quod
660 2770 808 2818 nihilo
835 2772 989 2837 magis
1016 2771 1059 2818 ei
1084 2771 1321 2823 liciturum
1357 2779 1484 2817 esset
1518 2769 1707 2836 plebeio
