2040 3048
305 92 410 149 254
756 90 819 132 M.
860 89 1064 130 TULLII
1101 91 1412 131 CICERONIS
1694 82 1804 151 [Pars
1833 97 1880 134 v.

302 215 468 263 firmus
496 222 567 263 est
601 222 647 262 et
680 222 849 263 rectus,
923 214 1023 262 Ser.
1060 214 1254 278 Sulpicii
1289 223 1442 265 morte
1475 232 1709 280 magnum
1742 234 1879 280 prae-

302 297 478 344 sidium
511 297 771 345 amisimus.
846 312 889 357 3.
928 295 1120 358 Reliqui
1153 297 1325 360 partim
1359 298 1548 356 inertes,
1585 299 1759 361 partim
1790 301 1879 348 im-

300 378 441 440 probi
462 394 473 436 ;
511 393 612 426 non
637 378 752 425 nulli
778 378 990 425 invident
1014 393 1179 427 eorum
1204 379 1345 438 laudi,
1371 395 1495 442 quos
1525 380 1576 428 in
1604 396 1655 428 re
1688 382 1880 444 publica

298 459 495 522 probari
536 460 726 519 vident;
787 459 954 523 populi
1001 475 1115 509 vero
1164 459 1375 508 Romani
1422 461 1666 524 totiusque
1713 463 1878 510 Italiae

299 542 421 588 mira
469 541 728 589 consensio
776 550 859 589 est.
934 541 1074 590 Haec
1122 550 1258 601 erant
1303 542 1415 601 fere,
1460 558 1583 606 quae
1633 543 1716 591 tibi
1764 552 1880 592 nota

299 638 405 671 esse
442 622 636 681 vellem;
676 637 806 671 nunc
842 630 1004 671 autem
1037 631 1168 686 opto,
1200 631 1252 672 ut
1287 626 1348 672 ab
1383 624 1485 672 istis
1522 623 1734 674 Orientis
1771 640 1878 688 par-

297 701 425 749 tibus
449 701 631 755 virtutis
656 709 765 749 tuae
789 701 952 750 lumen
978 702 1177 750 eluceat.
1250 702 1386 750 Vale.

620 835 729 880 129.
800 832 897 880 AD
934 832 1356 882 FAMILIARES
1395 834 1454 881 X.
1494 850 1573 896 31.

434 925 541 977 SCR.
583 926 851 976 CORDUBAE
888 943 999 981 xv11.
1037 929 1165 982 ΚΑΙ..
1202 929 1412 982 APmLEs
1448 945 1585 979 A.U.c.
1628 941 1738 991 711.

659 1031 701 1064 c.
728 1031 909 1065 Asmus
944 1033 1116 1066 POLLIO
1151 1032 1372 1067 CICERom
1406 1032 1441 1065 s.
1469 1010 1517 1065 D.

374 1129 410 1161 1.
453 1113 648 1161 anvm
680 1113 855 1159 mirum
888 1113 971 1160 tibi
1006 1114 1148 1162 debet
1183 1114 1331 1162 videri
1364 1113 1482 1162 nihil
1514 1129 1592 1162 me
1626 1115 1874 1177 scripsisse

296 1195 356 1243 de
381 1211 431 1244 re
463 1194 669 1258 publica,
696 1202 1015 1258 posteaquam
1047 1195 1166 1244 itum
1191 1204 1263 1244 est
1295 1196 1358 1243 ad
1391 1211 1548 1253 arma;
1588 1211 1701 1243 nam
1728 1197 1875 1244 saltus

298 1276 678 1334 Castulonensis,
712 1276 795 1339 qui
827 1292 1017 1339 semper
1053 1278 1203 1326 tenuit
1239 1286 1430 1326 nostros
1466 1278 1750 1336 tabellarios,
1785 1279 1872 1330 etsi

297 1374 427 1406 nunc
451 1357 853 1420 frequentioribus
885 1358 1145 1407 latrociniis
1179 1359 1397 1407 infestior
1420 1359 1571 1407 factus
1597 1368 1682 1417 est,
1709 1368 1870 1408 tamen

297 1455 603 1503 nequaquam
635 1447 768 1487 tanta
803 1439 852 1487 in
888 1455 1025 1488 mora
1058 1449 1143 1499 est,
1168 1449 1349 1503 quanta
1380 1442 1461 1503 qui
1493 1441 1612 1489 locis
1645 1442 1869 1490 omnibus

298 1523 515 1585 dispositi
552 1522 613 1569 ab
647 1530 847 1584 utraque
882 1529 1016 1583 parte
1053 1530 1321 1570 scrutantur
1363 1523 1634 1570 tabellarios
1673 1530 1720 1571 et
1761 1525 1867 1572 reti-

294 1613 424 1654 nent.
494 1604 664 1667 Itaque
707 1603 798 1651 nisi
838 1619 959 1651 nave
996 1604 1203 1666 perlatae
1241 1604 1421 1652 litterae
1457 1612 1631 1662 essent,
1666 1606 1867 1654 omnino

292 1687 544 1745 nescirem,
585 1686 700 1748 quid
742 1685 846 1733 istic
888 1685 1034 1735 fieret.
1104 1685 1250 1734 Nunc
1285 1700 1399 1733 vero
1442 1694 1612 1734 nactus
1649 1689 1867 1736 occasio-

292 1785 421 1823 nem,
455 1775 626 1832 postea
660 1783 808 1830 quam
844 1768 1056 1831 navigari
1093 1776 1322 1831 coeptum
1359 1776 1443 1826 est,
1474 1769 1784 1831 cupidissime
1818 1780 1866 1819 et

291 1866 439 1913 quam
475 1851 761 1898 creberrime
793 1858 965 1912 potero
1003 1850 1210 1898 scribam
1243 1850 1307 1898 ad
1341 1857 1400 1897 te.
1478 1866 1520 1899 2.
1558 1850 1636 1898 Ne
1671 1866 1867 1900 movear

291 1934 393 1980 eius
427 1934 743 1991 sermonibus,
771 1947 916 1994 quem
945 1932 1135 1980 tametsi
1167 1947 1315 1980 nemo
1350 1940 1422 1980 est
1453 1932 1535 1994 qui
1558 1932 1718 1981 videre
1741 1935 1864 1994 velit,

291 2022 453 2062 tamen
488 2030 797 2077 nequaquam
831 2013 1033 2075 proinde
1068 2029 1124 2062 ac
1158 2014 1333 2077 dignus
1366 2022 1439 2062 est
1472 2014 1678 2065 oderunt
1708 2014 1863 2064 homi-

290 2111 391 2153 nes,
424 2096 690 2158 periculum
728 2111 828 2143 non
861 2104 960 2144 est:
999 2096 1122 2143 adeo
1161 2104 1234 2143 est
1268 2096 1398 2143 enim
1431 2096 1609 2144 invisus
1645 2097 1776 2156 mihi,
1812 2107 1862 2147 ut

289 2178 406 2225 nihil
442 2193 543 2226 non
580 2179 806 2225 acerbum
842 2185 1021 2240 putem,
1057 2177 1191 2239 quod
1223 2191 1482 2225 commune
1514 2193 1626 2227 cum
1659 2178 1739 2225 illo
1773 2180 1860 2239 sit3

289 2267 458 2307 natura
500 2268 660 2307 autem
708 2275 818 2308 mea
864 2267 912 2307 et
963 2259 1119 2308 studia
1165 2259 1356 2310 trahunt
1401 2275 1480 2307 me
1527 2260 1590 2307 ad
1637 2261 1769 2322 pacis
1816 2271 1861 2310 et

287 2341 515 2390 libertatis
558 2342 882 2404 cupiditatem.
955 2341 1124 2404 Itaque
1171 2341 1286 2391 illud
1334 2342 1521 2388 initium
1563 2343 1710 2390 civilis
1752 2344 1863 2391 belli

290 2439 435 2486 saepe
473 2423 642 2472 deflevi
657 2440 670 2483 ς
709 2440 820 2472 cum
855 2438 969 2472 vero
1005 2438 1104 2474 non
1140 2423 1302 2471 liceret
1343 2424 1461 2471 mihi
1503 2423 1676 2472 nullius
1715 2426 1864 2487 partis

289 2520 409 2563 esse,
435 2506 548 2568 quia
579 2507 832 2569 utrubique
866 2521 1073 2568 magnos
1103 2506 1325 2554 inimicos
1350 2506 1602 2563 habebam,
1629 2519 1687 2552 ea
1710 2514 1864 2555 castra

290 2586 404 2648 fugi,
430 2587 478 2633 in
505 2587 678 2649 quibus
703 2588 844 2649 plane
868 2595 1024 2637 tutum
1047 2603 1126 2639 me
1151 2588 1212 2636 ab
1238 2587 1421 2635 insidiis
1445 2587 1625 2634 inimici
1650 2587 1862 2636 sciebam

291 2683 393 2715 non
434 2668 674 2728 futurum;
719 2671 998 2732 compulsus
1037 2685 1111 2727 e0,
1152 2684 1249 2732 quo
1289 2669 1486 2719 minime
1525 2669 1759 2726 volebam,
1799 2685 1862 2718 ne

290 2749 338 2797 in
381 2752 605 2799 extremis
648 2767 819 2810 essem,
863 2753 1003 2814 plane
1045 2752 1255 2814 pericula
1296 2766 1397 2798 non
1440 2750 1710 2817 dubita-nter
1750 2750 1859 2798 adii.
