2040 3048
202 140 271 190 Ep.
305 126 420 194 ιη’]
545 135 734 176 EPIST.
774 135 857 176 An
894 135 1171 177 ATTJCUM
1205 136 1327 177 XVI.
1376 143 1454 178 11.
1677 142 1776 197 247

199 262 423 312 Ciceroni
448 262 545 311 filio
560 280 572 323 3
610 264 764 311 visum
791 270 863 311 est
887 277 988 310 non
1014 262 1229 312 ἀνοίκειον.
1303 275 1343 324 5.
1385 263 1460 311 De
1487 261 1682 326 Myrtilo
1710 266 1779 313 di-

196 345 365 395 lucide.
437 345 483 395 O
521 345 686 408 quales
722 353 773 393 tu
808 360 998 408 semper
1030 345 1175 394 istosl
1213 345 1341 394 itane
1371 343 1421 393 in
1454 344 1516 392 D·
1544 344 1778 396 Brutum?

197 429 243 476 di
268 425 399 476 istis!
470 430 515 476 6.
558 426 668 490 Ego
694 443 786 486 me,
812 435 864 475 ut
890 427 1189 490 scripseram,
1216 428 1264 474 in
1291 424 1650 490 Pompeianum
1677 445 1778 478 non

196 508 371 568 abdidi,
409 509 566 573 primo
603 510 983 573 tempestatibus,
1023 509 1197 572 quibus
1236 509 1302 556 nil
1334 509 1556 569 taetrius;
1601 510 1778 560 deinde

196 594 257 640 ab
294 591 563 641 Octaviano
599 591 813 654 quotidie
850 591 1045 650 litterae,
1083 600 1135 639 ut
1173 591 1425 653 negotium
1462 592 1776 655 susciperem,

195 673 416 737 Capuam
440 674 668 732 venirem,
687 675 859 722 iterum
885 689 986 722 rem
1010 674 1259 737 publicam
1286 690 1539 734 servarem,
1563 674 1775 723 Romam

193 757 356 820 utique
381 757 556 805 statim.

463 855 646 898 αἴδεσθεν
664 857 740 908 μὲν
759 857 990 909 ἀνήνασθαι,
1010 858 1146 899 δεῖσαν
1165 857 1200 897 δ’
1217 857 1446 910 ὑποδέχθαι.

190 951 240 1000 Is
272 958 436 999 tamen
468 951 564 1014 egit
597 966 713 999 sane
746 959 939 1000 strenue
970 960 1019 1000 et
1047 953 1173 1015 agit3
1216 949 1432 999 Romam
1465 952 1625 1000 veniet
1661 963 1775 1000 cum

190 1049 339 1081 manu
366 1048 559 1095 magna,
588 1034 674 1081 sed
707 1042 779 1082 est
811 1034 955 1097 plane
987 1049 1135 1097 puer:
1172 1042 1308 1100 putat
1341 1041 1564 1082 senatum
1599 1035 1773 1082 statim.

191 1116 316 1176 Quis
340 1116 533 1164 veniet?
571 1116 610 1164 si
634 1116 829 1175 venerit,
855 1117 963 1178 quis
986 1117 1178 1166 incertis
1204 1118 1348 1165 rebus
1378 1114 1595 1163 offendet
1618 1116 1774 1164 Anto-

189 1200 360 1247 nium?
428 1197 537 1246 Kal.
577 1197 767 1246 Ianuar.
806 1199 892 1247 erit
928 1198 1129 1247 fortasse
1165 1198 1420 1262 praesidio,
1457 1206 1538 1245 aut
1574 1199 1772 1261 quidem

187 1287 299 1329 ante
340 1280 709 1343 depugnabitur.
790 1279 952 1336 Puero
987 1282 1252 1344 municipia
1289 1281 1409 1328 mire
1446 1280 1606 1329 favent
1623 1297 1636 1341 3
1687 1281 1774 1330 iter

186 1363 317 1411 enim
358 1362 542 1410 faciens
583 1361 633 1408 in
683 1360 935 1409 Samnium
983 1364 1112 1410 venit
1161 1363 1319 1420 Cales,
1358 1360 1536 1410 mansit
1579 1362 1771 1413 Teani:

186 1444 387 1493 mirifica
408 1445 645 1502 ἀπάντησις
669 1450 716 1491 et
741 1444 1026 1492 cohortatio.
1100 1444 1215 1492 Hoc
1242 1453 1294 1492 tu
1319 1445 1550 1507 putares?
1586 1446 1653 1492 ob
1678 1444 1775 1494 hoc‘

185 1544 280 1591 ego
306 1527 443 1575 citius
470 1525 699 1585 Romam,
725 1539 873 1588 quam
898 1528 1256 1575 constitueram.
1335 1526 1488 1575 Simul
1514 1535 1560 1575 et
1591 1530 1775 1576 consti-·

184 1620 335 1668 tuero,
360 1609 582 1657 scribam.
657 1618 700 1668 7.
738 1606 843 1655 Etsi
867 1608 1087 1656 nondum
1119 1609 1454 1671 stipulationes
1487 1609 1771 1671 legeram—

185 1708 276 1741 nec
313 1692 443 1740 enim
477 1689 604 1738 Eros
641 1697 920 1749 venerat—,
945 1698 1110 1739 tamen
1147 1706 1250 1739 rem
1286 1692 1439 1754 pridie
1477 1690 1595 1738 Idus
1628 1691 1770 1738 velim

185 1774 428 1824 conficias.
500 1772 745 1835 Epistolas
788 1771 1026 1831 Catinam,
1065 1773 1467 1832 Tauromenium,
1509 1773 1770 1837 Syracusas

185 1857 491 1907 commodius
526 1856 711 1902 mittere
748 1863 934 1918 potero,
973 1855 1011 1903 si
1047 1855 1269 1903 Valerius
1312 1857 1547 1919 interpres
1588 1856 1650 1903 ad
1692 1871 1771 1904 me

184 1941 386 1990 nomina
408 1938 730 2000 gratiosorum
764 1938 1032 2000 scripserit;
1073 1938 1148 1985 alii
1183 1939 1313 1986 enim
1350 1948 1462 1986 sunt
1495 1939 1627 1997 aliaS,
1654 1954 1769 1988 nos-

183 2026 336 2087 trique
369 2020 624 2068 familiares
653 2018 751 2067 fere
785 2020 1052 2068 demortui:
1091 2020 1285 2083 publice
1320 2029 1484 2068 tamen
1521 2020 1702 2083 scripsi,
1730 2025 1769 2071 si

181 2108 250 2156 uti
281 2104 421 2153 vellet
455 2103 524 2150 eis
552 2101 787 2161 Valerius,
815 2110 896 2150 aut
929 2103 1046 2150 mihi
1079 2103 1278 2151 nomina
1311 2104 1534 2151 mitteret.
1610 2105 1654 2151 8.
1694 2103 1769 2151 De

183 2185 460 2252 Lepidianis
495 2183 624 2231 feriis
660 2183 840 2231 Balbus
878 2184 941 2232 ad
975 2200 1070 2244 me,
1100 2200 1254 2247 usque
1292 2185 1355 2233 ad
1391 2200 1460 2233 111.
1489 2184 1599 2234 Kal.
1670 2185 1768 2234 Ex-

183 2269 415 2334 spectabo
450 2275 557 2314 tuas
593 2266 785 2324 litteras,
820 2281 997 2330 meque
1032 2267 1084 2314 de
1113 2266 1351 2329 Torquati
1389 2267 1639 2329 negotiolo
1677 2269 1766 2316 sci-

183 2362 343 2400 turum
378 2356 511 2412 puto.
584 2346 753 2407 Quinti
789 2347 965 2396 litteras
1003 2348 1065 2396 ad
1103 2357 1148 2396 te
1185 2349 1308 2407 misi,
1340 2358 1392 2396 ut
1429 2349 1592 2407 scires,
1620 2365 1767 2411 quam

182 2434 320 2482 valde
345 2446 458 2479 eum
482 2437 679 2489 amaret,
699 2445 847 2492 quem
872 2431 1004 2478 dolet
1029 2446 1057 2478 a
1082 2442 1127 2478 te
1153 2430 1313 2477 minus
1337 2430 1501 2477 amari.
1563 2430 1766 2491 Atticae,

184 2515 431 2578 quoniam,
458 2512 592 2574 quod
627 2513 866 2575 optimum
904 2513 953 2559 in
990 2512 1150 2575 pueris
1188 2519 1275 2570 est,
1301 2511 1502 2559 hilarula
1533 2521 1619 2572 est,
1645 2515 1767 2562 meis

184 2596 338 2645 verbis
375 2586 592 2643 suavium
617 2593 704 2641 des
730 2593 855 2641 volo.
