2040 3048
334 95 404 161 36
802 106 865 143 M.
906 105 1104 143 TULLII
1141 105 1457 144 CICERONIS
1648 94 1651 95 ’
1748 93 1856 161 [Pars
1875 107 1905 145 1.

336 238 552 299 potuisse
587 237 710 285 dici:
748 237 790 284 ei
824 245 869 284 te
902 236 996 284 hoc
1030 236 1234 284 scribere
1267 252 1296 284 a
1330 252 1409 284 me
1445 236 1528 284 tibi
1565 251 1671 284 esse
1706 237 1905 284 missum

339 333 455 365 sane
482 318 607 366 volo.
682 334 726 365 2.
768 317 867 365 Sed
891 317 1007 379 quid
1033 326 1084 365 tu
1108 318 1319 367 scribas?
1344 333 1489 381 quem
1515 318 1610 366 iam
1635 332 1729 380 ego
1748 318 1907 365 venire

337 396 484 461 atque.
522 398 694 446 adesse
737 399 966 457 arbitror;
1005 399 1069 446 ita
1105 399 1235 447 enim
1271 399 1347 461 egi
1384 407 1545 447 tecum
1583 399 1907 460 superioribus

338 481 514 529 litteris.
587 479 744 529 Valde
793 489 838 527 te
887 490 1130 543 exspecto,
1168 480 1302 528 valde
1347 480 1581 537 desidero,
1618 495 1776 542 neque
1813 495 1907 541 ego

337 562 507 623 magiS‚
534 577 679 624 quam
705 562 809 624 ipsa
833 577 910 609 res
936 571 983 610 et
1012 571 1203 624 tempus
1236 563 1407 625 poscit.
1480 561 1573 608 His
1607 562 1667 609 de
1700 562 1907 623 negotiis

340 644 454 706 quid
493 645 700 692 scribam
736 645 799 692 ad
834 653 895 702 te,
932 644 1024 692 nisi
1059 644 1203 702 idem,
1240 645 1375 706 quod
1417 645 1593 706 saepe?
1631 660 1682 691 re
1717 644 1909 707 publica

338 726 453 773 nihil
475 726 786 789 desperatius,
807 727 875 785 iis,
894 741 1100 788 quorum
1120 741 1280 788 opera,
1297 726 1413 773 nihil
1430 727 1610 774 maiore
1629 726 1743 774 odio
1765 742 1776 773 ε
1800 741 1906 784 nos,

337 816 386 855 ut
423 808 589 871 opinio
628 815 674 855 et
715 823 827 869 spes
869 815 919 856 et
960 807 1236 855 coniectura
1276 815 1441 855 nostra
1487 807 1588 866 fert,
1636 808 1908 856 firmissima

337 888 672 936 benevolentia
706 888 961 937 hominum
1002 888 1173 936 muniti
1212 903 1393 936 sumus.
1464 888 1576 947 Qua
1616 905 1666 936 re
1708 889 1905 936 advola:

338 978 415 1017 aut
440 970 672 1032 expedies
700 985 791 1018 nos
817 969 952 1019 omni
977 969 1197 1017 molestia
1227 978 1309 1016 aut
1339 970 1432 1016 eris
1463 970 1716 1032 particeps.
1788 970 1907 1018 Ideo

339 1066 446 1098 sum
471 1051 673 1109 brevior,
691 1051 837 1113 quod,
860 1060 911 1099 ut
935 1066 1093 1114 spero,
1114 1066 1279 1098 coram
1303 1051 1435 1100 brevi
1454 1060 1671 1116 ternpore
1692 1051 1908 1100 conferre

339 1148 461 1195 quae
489 1133 712 1180 volumus
736 1132 910 1181 licebit.
983 1132 1112 1180 Cura
1134 1141 1187 1180 ut
1210 1133 1383 1182 valeas.

557 1286 628 1334 15.
700 1274 794 1321 AD
830 1272 1166 1332 QUINTUM
1202 1273 1539 1322 FRATREM
1575 1274 1613 1323 Ι.
1643 1289 1686 1325 2.

660 1362 767 1411 Sca.
794 1378 962 1419 MENSE
998 1361 1277 1420 NOVEMBRI,
1315 1377 1451 1411 A.U.C.
1490 1364 1603 1424 695.

805 1466 996 1501 MARCUS
1030 1466 1212 1506 QmNTo
1248 1467 1438 1501 FRATRI.

416 1557 454 1588 1.
503 1540 713 1589 Sumus
749 1540 810 1588 ad
840 1556 920 1587 me
944 1541 1072 1588 venit
1104 1555 1146 1588 a.
1174 1540 1219 1587 d.
1244 1555 1343 1587 vm.
1371 1539 1435 1587 K.
1462 1539 1724 1591 Novembr.
1794 1541 1912 1589 Eius

343 1623 589 1682 adventus,
617 1621 748 1685 quod
773 1622 838 1669 ita
866 1622 1111 1684 scripsisti,
1138 1622 1376 1684 direptum
1401 1622 1456 1669 iri
1480 1630 1525 1669 te
1550 1638 1578 1670 a
1602 1624 1706 1681 tuis,
1733 1623 1848 1671 dum
1872 1624 1911 1671 is

346 1706 547 1763 abesset,
578 1704 811 1752 molestus
842 1704 959 1751 mihi
993 1703 1105 1761 fuit;
1144 1703 1277 1766 quod
1309 1712 1471 1751 autem
1503 1706 1911 1766 exspectationem

346 1787 417 1834 sui
457 1800 845 1848 concursumque
884 1800 1010 1842 eum,
1048 1785 1129 1846 qui
1172 1793 1272 1831 erat
1313 1783 1512 1843 futurus,
1550 1786 1588 1832 si
1623 1800 1719 1832 una
1754 1794 1911 1833 tecum

346 1868 602 1916 decederet
636 1883 794 1930 neque
832 1875 974 1915 antea
1008 1867 1134 1914 visus
1171 1874 1309 1924 esset,
1345 1867 1542 1925 sustulit,
1576 1867 1625 1914 id
1660 1868 1776 1914 mihi
1811 1883 1912 1915 non

343 1950 661 1997 incommode
708 1949 863 1996 visum
912 1956 984 1996 est
1031 1947 1290 1996 accidisse:
1351 1947 1611 1996 exhaustus
1665 1958 1739 1997 est
1784 1950 1912 1997 enirn

343 2044 504 2078 sermo
530 2028 787 2077 hominum
813 2035 860 2076 et
884 2028 1060 2076 multae
1092 2027 1298 2075 emissae
1328 2027 1423 2075 iam
1457 2029 1558 2077 eius
1590 2030 1724 2078 modi
1754 2045 1910 2091 voces,

342 2113 439 2157 ἀλλ’
478 2112 560 2158 αἰεί
590 2130 688 2157 τινα
723 2115 847 2168 φῶτα
882 2111 1031 2171 μέγαν·
1059 2124 1183 2171 quae
1224 2119 1270 2156 te
1310 2110 1510 2158 absente
1548 2110 1770 2159 confecta
1807 2127 1912 2159 esse

343 2194 506 2242 laetor.
583 2208 625 2241 2.
660 2191 810 2250 Quod
833 2200 991 2240 autem
1018 2191 1197 2239 idcirco
1221 2206 1250 2239 a
1273 2199 1319 2239 te
1344 2192 1520 2240 missus
1544 2202 1629 2251 est,
1648 2193 1764 2241 mihi
1787 2203 1838 2241 ut
1862 2210 1912 2241 se

346 2284 585 2340 purgaret,
606 2275 655 2324 id
679 2289 881 2322 necesse
906 2274 1103 2322 minime
1127 2273 1240 2321 fuit:
1266 2274 1475 2336 primum
1500 2275 1629 2323 enim
1650 2291 1913 2339 numquam

344 2357 421 2405 ille
445 2356 562 2404 mihi
588 2355 675 2403 fuit
702 2364 969 2418 suspectus,
990 2370 1146 2418 neque
1166 2370 1273 2417 ego,
1298 2371 1421 2418 quae
1442 2356 1504 2404 ad
1522 2364 1568 2404 te
1588 2356 1648 2404 de
1668 2357 1748 2404 illo
1768 2358 1912 2419 scrip-

345 2438 399 2494 si,
426 2437 594 2499 scripsi
631 2451 743 2484 meo
781 2436 969 2493 iudicio,
1006 2436 1093 2483 sed
1129 2451 1241 2483 cum
1277 2436 1398 2483 ratio
1435 2436 1660 2500 salusque
1696 2438 1913 2486 omnium

345 2529 577 2576 nostrum,
603 2519 684 2580 qui
725 2518 787 2566 ad
828 2533 930 2566 rem
971 2517 1215 2580 publicam
1256 2517 1544 2576 accedimus,
1580 2533 1681 2566 non
1705 2519 1913 2566 'veritate

346 2601 515 2658 solum,
540 2601 628 2650 sed
658 2601 802 2648 etiarn
835 2599 964 2647 fama
995 2600 1235 2657 niteretur,
1262 2615 1511 2648 sermones
1543 2601 1606 2647 ad
1634 2609 1680 2648 te
1714 2601 1914 2648 aliorum

348 2692 554 2744 semper,
589 2697 690 2729 non
731 2697 842 2730 mea
878 2681 1052 2728 iudicia
1092 2681 1345 2742 perscripsi
1364 2697 1376 2739 ;
1414 2682 1497 2742 qui
1538 2682 1732 2743 quidem
1769 2697 1914 2744 quam

347 2764 621 2827 frequentes
670 2771 831 2810 essent
868 2772 931 2811 etr
954 2777 1099 2825 quam
1138 2764 1322 2824 graveS,
1363 2762 1569 2811 adventu
1611 2778 1700 2811 suo
1741 2763 1914 2812 Statius
