2040 3048
189 134 454 202 Ep.90‚91.]
514 143 702 183 EPIST.
743 142 824 181 AD
862 142 1236 183 FAMILIARES
1280 143 1352 183 VJ.
1394 130 1444 182 6.
1670 144 1768 200 195

184 285 334 318 unum
377 268 611 318 solacium
659 268 707 315 in
754 267 908 316 malis.
983 267 1079 316 Sed
1123 276 1299 327 tamen,
1345 267 1573 332 quoniam
1620 267 1768 330 effugi

183 352 284 399 eius
320 350 659 406 offensionem,
691 349 772 412 qui
807 349 1010 399 fortasse
1047 351 1350 399 arbitraretur
1389 366 1466 398 me
1504 350 1628 399 hanc
1666 365 1769 397 rem

184 433 427 496 publicam
472 446 571 480 non
608 438 789 494 putare,
829 430 869 478 si
905 439 1139 494 perpetuo
1176 440 1399 491 tacerem,
1438 430 1630 479 modice
1674 430 1768 479 hoc

183 514 353 562 faciam
395 521 474 562 aut
516 513 661 563 etiam
702 513 825 560 intra
864 512 1078 572 modum,
1118 521 1170 561 ut
1206 522 1252 562 et
1290 513 1413 561 illius
1451 512 1684 561 voluntati
1721 521 1768 561 et

183 598 303 646 meis
329 597 497 647 studiis
526 595 742 644 serviam.
816 594 947 643 Nam
973 597 1061 643 etsi
1088 612 1116 644 a
1139 596 1295 659 prima
1321 604 1476 644 aetate
1502 611 1580 644 me
1607 596 1767 644 omnis

183 695 259 728 ars
283 688 329 728 et
359 678 580 727 doctrina
611 677 818 725 liberalis
843 688 890 725 et
919 678 1130 725 maxime
1163 678 1472 741 philosophia
1503 679 1766 737 delectavit,

183 771 345 810 tamen
378 761 474 809 hoc
509 760 720 809 studium
753 759 968 822 quotidie
1001 760 1299 821 ingravescit,
1337 760 1484 808 credo
1519 767 1566 809 et
1599 762 1767 809 aetatis

182 843 453 892 maturitate
478 842 541 890 ad
565 841 873 905 prudentiam
901 849 948 890 et
979 841 1054 890 his
1091 850 1365 905 temporum
1390 842 1527 898 vitiis,
1553 850 1604 890 ut
1637 844 1769 891 nulla

181 942 257 975 res
290 926 381 975 alia
416 926 573 974 levare
607 925 824 972 animum
857 924 1090 973 molestiis
1122 925 1276 987 possit
1294 940 1307 984 3
1347 937 1391 986 5.
1429 940 1458 973 a
1481 941 1580 988 quo
1608 927 1767 974 studio

182 1017 228 1058 te
267 1008 441 1056 abduci
479 1007 686 1069 negotiis
729 1006 957 1069 intellego
1006 1022 1066 1054 ex
1116 1007 1208 1054 tuis
1256 1007 1435 1066 litteris,
1476 1008 1562 1056 sed
1604 1017 1766 1057 tamen

182 1090 360 1153 aliquid
395 1090 493 1137 iam
529 1096 698 1137 noctes
735 1096 781 1136 te
816 1088 1125 1137 adiuvabunt.
1200 1089 1390 1138 Servius
1427 1097 1537 1138 tuus
1568 1091 1640 1138 vel
1676 1107 1765 1153 po-

181 1172 273 1220 tius
306 1179 471 1220 noster
505 1185 695 1219 summa
723 1185 802 1217 me
835 1170 1142 1219 observantia
1176 1172 1313 1231 colit;
1353 1172 1486 1220 cuius
1525 1188 1619 1235 ego
1654 1189 1766 1221 cum

181 1254 316 1302 omni
352 1253 592 1316 probitate
629 1267 916 1315 summaque
953 1253 1134 1311 virtute,
1174 1261 1276 1301 tum
1314 1255 1480 1302 studiis
1524 1255 1765 1303 doctrina-

181 1351 276 1399 que
320 1335 544 1383 delector.
616 1332 666 1381 Is
708 1349 904 1382 mecum
952 1350 1097 1397 saepe
1147 1335 1207 1383 de
1250 1344 1335 1384 tua
1380 1337 1636 1385 mansione
1684 1346 1766 1386 aut

181 1418 463 1466 decessione
507 1415 863 1464 communicat:
922 1416 1081 1465 adhuc
1123 1418 1174 1465 in
1215 1418 1306 1466 hac
1355 1433 1463 1466 sum
1514 1420 1763 1477 sententia,

180 1500 295 1548 nihil
327 1507 378 1547 ut
410 1498 643 1546 faciamus
678 1498 770 1545 nisi
812 1498 946 1561 quod
981 1500 1192 1548 maxime
1230 1498 1410 1548 Caesar
1447 1500 1565 1548 velle
1602 1502 1764 1549 videa-

179 1589 264 1629 tur.
341 1580 440 1629 Res
474 1587 586 1628 sunt
619 1579 720 1627 eius
752 1580 901 1638 modi,
927 1589 992 1638 ut,
1022 1581 1060 1627 si
1096 1579 1286 1629 Romae
1319 1583 1399 1640 sis,
1431 1582 1545 1630 nihil
1579 1592 1767 1646 praeter

180 1672 288 1711 tuos
323 1663 560 1711 delectare
594 1663 761 1725 possit.
834 1662 911 1710 De
944 1662 1153 1725 reliquis,
1180 1664 1296 1711 nihil
1329 1665 1500 1713 melius
1534 1667 1642 1728 ipso
1676 1675 1763 1726 est,

180 1746 325 1794 ceteri
360 1753 408 1792 et
443 1753 603 1793 cetera
638 1745 740 1792 eius
777 1745 926 1802 modi,
957 1752 1023 1802 ut,
1059 1745 1099 1793 si
1134 1745 1335 1793 alterum
1371 1754 1531 1794 utrum
1563 1763 1764 1797 necesse

180 1829 253 1885 sit,
296 1827 460 1875 audire
502 1842 561 1875 ea
601 1827 738 1874 malis
780 1842 928 1892 quam
972 1827 1146 1875 videre.
1219 1827 1333 1876 Hoc
1376 1837 1595 1877 nostrum
1643 1845 1762 1879 con·

181 1910 337 1958 silium
379 1910 522 1957 nobis
561 1909 759 1957 minime
799 1908 1065 1957 iucundum
1102 1917 1187 1968 est,
1226 1910 1308 1974 qui
1351 1918 1396 1958 te
1432 1911 1592 1961 videre
1629 1914 1764 1977 cupi·

179 2007 301 2051 muS,
328 1992 415 2040 sed
440 1991 739 2040 consulimus
764 1991 862 2039 tibi.
934 1991 1070 2041 Vale.

513 2124 590 2170 91.
665 2120 760 2167 AD
797 2120 1216 2170 FAMILIARES
1255 2122 1339 2170 VI.
1380 2124 1427 2172 6.

644 2216 752 2266 SCR.
791 2217 972 2265 ROMAE
1007 2233 1144 2267 A.U.c.
1186 2221 1297 2278 708.

596 2321 644 2354 M.
682 2321 854 2354 mcERo
890 2321 926 2353 S.
942 2322 988 2354 D.
1005 2322 1049 2355 A.
1076 2322 1326 2356 CAEcmAE.

254 2419 294 2452 1.
333 2402 539 2452 VEREOR
574 2416 636 2449 ne
673 2401 916 2449 desideres
941 2401 1152 2450 officium
1190 2418 1368 2462 meum,
1395 2405 1529 2466 quod
1554 2405 1638 2452 tibi
1670 2420 1759 2469 pro

181 2491 344 2532 nostra
368 2491 415 2531 et
447 2483 725 2532 meritorum
758 2483 1019 2532 multorum
1046 2492 1092 2532 et
1126 2485 1390 2532 studiorum
1428 2487 1615 2548 parium
1642 2502 1759 2536 con-

181 2566 425 2613 iunctione
467 2564 636 2612 deesse
676 2579 776 2612 non
813 2565 970 2624 debet,
1009 2565 1095 2613 sed
1134 2575 1297 2614 tamen
1335 2582 1501 2615 vereor
1539 2584 1600 2616 ne
1639 2569 1759 2618 litte-

180 2662 340 2696 rarum
379 2662 408 2695 a
444 2661 523 2693 me
557 2646 770 2698 officium
806 2648 1032 2710 requiras,
1068 2663 1187 2710 quas
1227 2649 1312 2696 tibi
1350 2657 1397 2697 et
1435 2651 1532 2699 iam
1566 2651 1758 2714 vpridem

181 2737 228 2776 et
258 2743 402 2790 saepe
439 2728 693 2786 misissem,
731 2729 821 2776 nisi
861 2730 1075 2791 quotidie
1119 2731 1288 2778 melius
1328 2741 1616 2794 exspectans
1651 2749 1758 2797 gra-

181 2809 463 2856 tulationem
513 2823 660 2873 quam
709 2810 1127 2859 confirmationem
1176 2812 1323 2860 animi
1380 2814 1446 2860 tui
1500 2815 1756 2879 complecti

894 2896 923 2928 o
954 2897 977 2928 2
