2040 3048
273 89 372 140 124
712 84 775 123 M.
821 83 1020 123 TULLII
1055 85 1368 123 CICERONIS
1649 73 1759 143 [Pars
1786 87 1836 125 11.

264 202 573 279 provinciam,
611 219 704 270 aut,
742 212 781 260 si
817 214 902 274 per
938 213 1155 261 tribunos
1191 214 1253 276 pl.
1286 229 1387 261 non
1421 214 1638 276 patiatur,
1671 222 1835 263 tamen

265 299 492 362 quiescat,
535 310 636 342 rem
684 293 857 341 adduci
905 294 968 342 ad
1014 295 1355 358 interregnum,
1399 303 1491 354 aut,
1537 296 1575 343 si
1618 298 1683 344 ob
1729 312 1836 345 eam

266 393 474 436 causam,
498 376 629 440 quod
652 375 771 423 ratio
798 375 900 423 eius
933 389 1033 423 non
1057 375 1302 435 habeatur,
1329 378 1590 426 exercitum
1615 378 1835 438 adducat,

266 462 410 511 armis
452 473 564 507 cum
611 471 670 505 eo
719 457 1028 512 contendere,
1068 457 1200 505 illum
1249 466 1410 507 autern
1452 459 1640 507 initium
1681 459 1837 509 facere

266 556 510 592 armorum
548 547 629 587 aut
671 539 832 587 statim
868 539 1012 587 nobis
1047 539 1207 588 minus
1244 542 1420 603 paratis
1457 549 1538 590 aut
1573 550 1688 602 tum,
1727 558 1838 591 cum

267 624 487 682 comitiis,
513 621 679 670 amicis
709 621 812 669 eius
836 621 1204 684 postulantibus,
1229 631 1281 670 ut
1314 639 1340 671 e
1373 624 1480 686 lege
1514 625 1634 672 ratio
1660 624 1838 673 habea-

267 718 355 766 tur,
389 706 699 768 impetratum
744 717 846 750 non
888 704 961 761 sit,
998 703 1065 751 ire
1105 712 1266 752 autem
1308 706 1371 754 ad
1412 721 1546 754 arma
1592 715 1672 754 aut
1713 707 1839 756 hanc

267 806 415 842 unam
454 790 519 837 ob
561 802 770 844 causam,
809 787 943 850 quod
978 786 1099 834 ratio
1143 802 1245 835 non
1280 788 1526 848 habeatur,
1563 798 1645 838 aut
1679 791 1841 839 addita

269 886 426 928 causa,
453 871 493 919 si
516 869 636 918 forte
672 869 888 916 tribunus
922 868 984 930 pl.
1013 875 1233 916 senatum
1269 869 1538 932 impediens
1574 881 1654 920 aut
1687 888 1841 936 popu·

268 956 366 1002 lum
391 952 595 999 incitans
628 957 821 997 notatus
856 958 937 997 aut
971 958 1164 998 senatus
1201 952 1420 1001 consulto
1454 953 1842 1018 circumscriptus

270 1044 351 1084 aut
386 1033 603 1082 sublatus
639 1040 720 1080 aut
755 1032 983 1094 expulsus
1026 1031 1084 1079 sit
1122 1031 1348 1081 dicensve
1391 1049 1443 1082 se
1486 1037 1742 1098 expulsum
1782 1039 1844 1087 ad

270 1118 401 1165 illum
444 1113 730 1177 confugerit,
770 1122 997 1176 suscepto
1040 1120 1202 1161 autern
1243 1114 1370 1162 bello
1413 1125 1493 1164 aut
1535 1119 1745 1168 tenenda
1786 1122 1847 1170 sit

270 1200 384 1248 urbs
410 1205 491 1247 aut
522 1212 581 1244 ea
610 1195 773 1243 relicta
805 1195 882 1242 ille
911 1204 1187 1243 commeatu
1221 1204 1268 1244 et
1298 1198 1492 1260 reliquis
1525 1201 1678 1262 copiis
1702 1202 1848 1250 inter-

272 1276 754 1341 cludendus,-quod
779 1277 953 1324 horum
977 1277 1232 1336 malorum,
1258 1293 1467 1341 quorum
1493 1280 1688 1343 aliquod
1721 1292 1849 1334 certe

273 1361 579 1412 subeundum
617 1367 701 1419 est,
733 1359 989 1407 minimum
1024 1367 1190 1421 putes:
1231 1376 1272 1421 3.
1316 1361 1448 1409 dices
1484 1363 1703 1425 profecto
1740 1382 1849 1429 per-

274 1444 463 1494 suaderi
501 1442 577 1499 illi,
615 1449 666 1489 ut
702 1439 859 1488 tradat
895 1441 1160 1488 exercitum
1198 1448 1244 1489 et
1279 1442 1345 1489 ita
1386 1444 1558 1492 consul
1595 1444 1690 1493 fiat.
1763 1447 1850 1497 Est

273 1527 475 1576 omnino
499 1524 549 1572 id
574 1523 676 1571 eius
710 1522 860 1581 modi,
885 1530 951 1580 ut,
978 1523 1018 1571 si
1051 1522 1126 1570 ille
1160 1538 1221 1571 eo
1256 1524 1530 1580 descendat,
1556 1536 1724 1575 contra
1758 1529 1852 1579 dici

275 1609 391 1658 nihil
414 1607 580 1671 possit,
607 1605 752 1668 idque
786 1619 913 1662 eum,
941 1605 980 1652 si
1013 1619 1115 1652 non
1139 1606 1369 1665 obtineat,
1395 1615 1447 1654 ut
1476 1609 1597 1656 ratio
1622 1609 1855 1661 habeatur

275 1689 520 1739 retinentis
555 1687 832 1745 exercitum,
872 1701 973 1734 non
1011 1686 1169 1735 facere
1205 1688 1348 1735 mirer
1365 1704 1378 1748 ς
1416 1690 1558 1738 nobis
1594 1700 1767 1751 autem,
1801 1703 1853 1743 ut

276 1773 472 1836 quidam
498 1777 682 1833 putant,
709 1767 827 1815 nihil
853 1776 926 1816 est
956 1768 1227 1816 timendum
1252 1770 1409 1833 magis
1446 1786 1594 1834 quam
1623 1773 1698 1821 ille
1736 1790 1853 1823 con-

277 1855 364 1903 sul.
436 1853 521 1901 ‘At
546 1851 613 1899 sic
637 1849 794 1898 malo'
832 1851 1020 1913 inquies
1057 1854 1231 1914 ‘quam
1258 1866 1369 1899 cum
1393 1853 1638 1902 exercitu.'
1696 1855 1852 1908 Certe.

280 1936 375 1984 Sed
416 1934 543 1984 istud
585 1934 761 1996 ipsum,
805 1933 928 1987 dico,
972 1948 1207 1995 magnum
1255 1933 1437 1981 malum
1485 1944 1621 1998 putat
1668 1939 1852 2003 aliquis,

279 2032 435 2081 neque
482 2017 527 2064 ei
573 2014 842 2062 remedium
890 2022 961 2062 est
1002 2014 1165 2062 ullum.
1239 2014 1558 2064 ‘Cedendum
1601 2027 1686 2077 est,
1725 2021 1765 2068 si
1805 2022 1855 2070 id

279 2098 434 2148 volet!
504 2096 629 2144 Vide
663 2095 915 2144 consulem
948 2096 1081 2144 illum
1110 2096 1294 2155 iterum,
1321 2113 1467 2160 quem
1491 2100 1646 2148 vidisti
1679 2116 1854 2150 consu·

280 2183 379 2231 latu
425 2180 597 2243 priore.
670 2178 763 2226 ‘At
810 2185 915 2225 tum
961 2178 1229 2226 imbecillus
1277 2179 1412 2242 plus’
1473 2180 1626 2243 inquit
1685 2185 1856 2233 ‘valuit

282 2278 428 2328 quam
453 2269 555 2323 tota
577 2275 652 2308 res
678 2259 902 2322 publica?
975 2258 1107 2319 Quid
1132 2275 1262 2308 nunc
1286 2269 1427 2323 putas
1447 2262 1465 2310 ?
1502 2271 1549 2309 et
1572 2278 1631 2311 eo
1658 2267 1857 2316 consule

283 2345 519 2407 Pompeio
546 2350 729 2392 certum
753 2350 824 2390 est
849 2356 956 2390 esse
992 2342 1042 2389 in
1067 2341 1320 2405 Hispania.
1395 2342 1440 2391 O
1473 2359 1576 2392 rem
1605 2346 1857 2398 miseram!

286 2428 324 2474 si
362 2425 559 2488 quidem
595 2424 644 2472 id
680 2424 840 2487 ipsum
878 2423 1187 2472 deterrimum
1222 2433 1307 2484 est,
1346 2425 1480 2487 quod
1515 2428 1724 2476 recusari
1759 2445 1859 2479 non

285 2515 459 2571 potest,
489 2514 536 2554 et
578 2506 713 2568 quod
755 2505 831 2554 ille
873 2506 912 2554 si
955 2505 1109 2564 faciat,
1150 2506 1345 2554 iamiam
1383 2523 1414 2554 a
1451 2508 1592 2556 bonis
1634 2511 1861 2559 omnibus

288 2603 528 2637 summam
575 2588 706 2636 ineat
746 2588 963 2651 gratiam.
1040 2603 1080 2647 4.
1121 2587 1373 2637 Tollamus
1421 2588 1562 2652 igitur
1607 2589 1714 2651 ho'c,
1763 2608 1861 2656 quo

289 2671 419 2718 illum
452 2685 598 2733 posse
628 2670 803 2718 adduci
835 2678 1049 2733 negant:
1089 2671 1148 2718 de
1179 2670 1372 2734 reliquis
1409 2671 1526 2734 quid
1562 2680 1636 2720 est
1671 2665 1862 2722 deterri-

290 2752 457 2800 mum?
493 2752 761 2801 concedere
786 2753 864 2813 illi,
890 2753 1035 2816 quod,
1062 2760 1114 2801 ut
1139 2753 1268 2801 idem
1295 2754 1423 2813 dicit,
1449 2754 1864 2818 impudentissime
