2040 3048
289 112 359 165 92
742 106 806 147 M.
852 105 1049 145 TULLII
1086 107 1255 146 crem
1264 107 1400 146 oms
1673 95 1783 166 [Pars
1810 110 1862 151 11.

291 234 406 281 dixit
441 242 487 281 te
523 232 771 295 scripsisse
808 232 870 280 ad
906 247 972 291 se,
1002 231 1117 279 mihi
1153 248 1214 280 ex
1249 232 1370 281 illius
1405 233 1570 280 litteris
1601 247 1704 280 rem
1735 233 1863 281 illam

290 330 429 363 curae
466 315 625 373 fuisse,
664 314 794 376 quod
831 314 874 361 ei
909 322 1183 376 pergratum
1220 323 1332 363 erat.
1407 314 1502 362 Sed
1539 329 1649 361 cum
1686 314 1863 362 Patron

288 411 480 444 mecum
497 396 684 457 egisset,
696 404 748 443 ut
766 403 979 457 peterem
998 412 1027 444 a
1041 405 1198 444 vestro
1215 396 1477 458 Ariopag0‚
1489 397 1863 454 ὑπομνηματισμὸν

289 477 519 535 tollerent,
541 492 688 540 quem
722 477 1039 541 Polycharmo
1064 486 1283 541 praetore
1307 476 1532 534 fecerant,
1558 476 1865 523 commodius

289 558 443 605 visum
467 566 539 606 est
564 566 609 605 et
636 558 829 606 Xenoni
854 567 900 606 et
924 567 1036 622 post
1061 560 1150 621 ipsi
1170 558 1380 617 Patroni,
1396 573 1475 606 me
1494 557 1555 605 ad
1576 556 1864 604 Memmium

291 641 507 698 scribere,
545 641 627 702 qui
668 640 834 703 pridie,
872 655 1019 703 quam
1062 656 1155 703 ego
1193 641 1408 688 Athenas
1446 640 1569 697 veni,
1607 637 1863 700 Mytilenas

289 722 536 785 profectus
560 730 675 776 erat,
700 730 752 769 ut
777 723 816 770 is
842 723 903 771 ad
929 738 1042 772 suos
1068 725 1294 772 scriberet
1318 737 1462 786 posse
1496 721 1544 769 id
1576 736 1664 769 sua
1694 719 1864 767 volun-

289 810 384 850 tate
417 803 517 850 fieri
531 819 544 863 3
582 817 684 850 non
716 804 846 851 enim
879 804 1126 853 dubitabat
1159 805 1302 853 Xeno
1336 806 1453 868 quin
1484 805 1547 851 ab
1571 802 1863 865 Ariopagitis

289 885 437 932 invito
470 884 707 932 Memmio
737 886 979 948 impetrari
1016 901 1116 935 non
1152 895 1331 950 posset.
1405 885 1668 934 Memmius
1702 891 1863 931 autem

291 965 576 1013 aedificandi
616 965 871 1013 consilium
908 967 1159 1025 abiecerat,
1199 968 1285 1015 sed
1320 975 1420 1015 erat
1455 966 1653 1014 Patroni
1688 966 1861 1012 iratus:

289 1048 449 1109 itaque
475 1047 640 1109 scripsi
666 1047 729 1094 ad
754 1062 866 1094 eum
891 1056 1126 1108 accurate,
1153 1049 1287 1096 cuius
1319 1049 1550 1112 epistolae
1582 1047 1691 1095 misi
1723 1047 1784 1094 ad
1815 1055 1862 1094 te

290 1128 581 1190 exemplum.
656 1138 698 1188 7.
736 1127 817 1175 Tu
853 1128 993 1175 velim
1030 1129 1199 1178 Piliam
1236 1131 1356 1178 meis
1392 1131 1546 1178 verbis
1585 1128 1860 1188 consolere;

290 1211 517 1259 indicabo
542 1210 671 1258 enim
694 1211 808 1269 tibi;
845 1218 897 1258 tu
921 1211 983 1258 illi
1009 1210 1122 1259 nihil
1147 1212 1348 1260 dixeris:
1377 1213 1543 1274 accepi
1568 1211 1860 1268 fasciculum,

290 1294 339 1340 in
381 1307 479 1354 quo
522 1300 622 1340 erat
663 1292 865 1354 epistola
905 1292 1079 1347 Piliae;
1130 1293 1315 1352 abstuli,
1352 1294 1529 1356 aperui,
1567 1293 1686 1354 legi;
1724 1292 1860 1340 valde

290 1374 465 1437 scripta
482 1382 554 1422 est
573 1376 817 1433 συμπαθῶς.
866 1374 1125 1423 Brundisio
1146 1390 1270 1438 quae
1289 1376 1371 1423 tibi
1393 1374 1627 1437 epistolae
1646 1373 1859 1422 redditae

291 1465 401 1504 sunt
433 1459 535 1505 sine
567 1472 689 1516 mea,
714 1444 816 1504 turn
841 1457 1060 1505 videlicet
1085 1457 1223 1504 datae
1249 1465 1372 1516 sunt,
1400 1472 1513 1504 cum
1537 1471 1631 1518 ego
1655 1471 1735 1503 me
1760 1470 1860 1503 non

290 1538 411 1586 belle
429 1538 683 1598 haberem;
711 1554 825 1586 nam
845 1538 879 1596 †
905 1538 1033 1586 illam
1058 1541 1283 1600 νομανδρία
1307 1554 1385 1586 me
1410 1538 1772 1586 excusationem
1798 1553 1860 1584 ne

292 1621 546 1682 acceperis.
620 1619 749 1668 Cura
771 1629 824 1668 ut
848 1621 1012 1669 omnia
1035 1621 1201 1679 sciam,
1227 1621 1313 1668 sed
1337 1621 1547 1669 maxime
1571 1628 1623 1668 ut
1646 1619 1819 1667 valeas.

664 1753 741 1797 32.
813 1749 907 1797 AD
944 1748 1268 1797 ATTICUM
1305 1748 1366 1797 V.
1409 1750 1483 1797 16.

320 1845 426 1894 SCR.
464 1860 514 1893 IN
549 1860 744 1893 ITINERE
781 1861 811 1893 A
849 1844 1076 1892 SYNNADE
1114 1860 1177 1892 AD
1214 1844 1563 1892 PH1L0MEL1UM
1600 1859 1644 1892 A.
1683 1858 1728 1892 D.
1766 1859 1830 1892 111.

731 1926 846 1974 Inus
885 1926 1119 1973 SEXTnAEs
1155 1941 1291 1973 A.U.C.
1333 1936 1442 1985 703.

821 2029 990 2063 CICERO
1028 2028 1203 2061 ATTICO
1238 2028 1338 2060 SAL.

367 2128 405 2159 1.
444 2110 562 2159 ETsl
590 2110 640 2157 in
665 2110 771 2173 ipso
795 2109 963 2156 itinere
988 2115 1035 2156 et
1058 2109 1133 2155 via
1157 2107 1469 2155 discedebant
1493 2106 1862 2169 publicanorum

294 2193 520 2242 tabellarii
567 2200 614 2240 et
660 2206 849 2240 eramus
891 2192 940 2238 in
979 2205 1134 2248 cursu,
1177 2198 1340 2237 tamen
1382 2190 1735 2252 surripiendum
1782 2191 1863 2238 ali-

295 2276 411 2339 quid
461 2275 622 2338 putavi
681 2274 835 2336 spatii,
888 2288 949 2320 ne
999 2287 1077 2319 me
1129 2272 1466 2319 immemorem
1523 2272 1737 2319 mandati
1795 2274 1863 2320 tui

293 2366 486 2421 putares
504 2373 519 2417 3
573 2357 733 2418 itaque
780 2354 974 2403 subsedi
1021 2354 1070 2400 in
1117 2354 1223 2415 ipsa
1269 2353 1357 2410 via,
1398 2352 1515 2399 dum
1561 2352 1696 2411 haec,
1738 2368 1862 2415 quae

293 2440 561 2502 longiorem
597 2437 869 2485 desiderant
905 2436 1184 2492 orationem,
1223 2434 1498 2481 summatim
1539 2434 1622 2481 tibi
1663 2436 1862 2496 perscri-

293 2522 470 2568 berem.
549 2536 590 2567 2.
631 2518 848 2566 Maxima
882 2516 1242 2579 exspectatione
1277 2515 1327 2562 in
1363 2515 1600 2576 perditam
1638 2523 1685 2562 et
1722 2516 1862 2577 plane

295 2616 509 2649 eversam
557 2601 607 2648 in
662 2607 949 2662 perpetuum
1005 2597 1300 2660 provinciam
1357 2611 1448 2643 nos
1499 2596 1687 2644 venisse
1743 2597 1862 2644 scito

294 2683 446 2747 pridie
498 2681 608 2729 Kal.
660 2681 874 2739 Sextiles,
922 2687 1135 2727 moratos
1186 2677 1395 2725 triduum
1448 2677 1733 2736 Laodiceae,
1786 2678 1863 2725 tri-

293 2765 442 2812 duum
501 2764 764 2826 Apameae,
822 2762 1023 2810 totidem
1084 2760 1186 2809 dies
1247 2759 1485 2822 Synnade.
1579 2759 1863 2807 Audivimus
