2040 3048
160 115 230 166 Ep.
262 102 374 171 118.]
470 112 658 156 EPIST.
698 110 780 152 AD
818 107 1191 153 FAMILIARES
1227 108 1334 151 ΧΠ.
1378 110 1424 155 2.
1634 108 1733 167 241

465 282 574 329 118.
646 279 740 327 AD
776 279 1195 327 FAMILIARES
1232 278 1348 326 XII.
1390 294 1431 327 2.

229 375 336 426 Sca.
379 376 559 426 ROMAE
596 392 821 425 EXEUNTE
857 391 1013 425 MENSE
1051 375 1329 424 SEPTEMBRI
1365 389 1504 424 A.u.c.
1545 384 1657 435 710.

692 482 863 515 cmERo
899 481 1056 515 CAss1o
1091 480 1192 514 sAr..

235 577 273 607 1.
313 560 657 611 VEHEMENTER
687 562 839 610 laetor
871 561 957 609 tibi
993 560 1186 624 probari
1223 560 1513 609 sententiam
1549 567 1596 607 et
1632 574 1740 607 ora-

158 643 343 690 tionem
388 659 575 702 meam;
628 659 725 706 qua
772 643 812 690 si
861 643 1055 705 saepius
1103 641 1172 689 uti
1219 641 1396 699 liceret,
1445 641 1563 688 nihil
1611 648 1739 689 esset

160 725 342 786 negotii
365 724 633 773 libertatem
657 731 705 772 et
729 740 831 772 rem
855 724 1098 787 publicam
1123 724 1401 786 reciperare.
1465 722 1562 770 Sed
1586 722 1739 771 homo

160 820 327 854 amens
352 815 400 854 et
423 806 636 869 perditus
661 806 911 869 multoque
936 805 1140 869 nequior
1166 820 1314 868 quarn
1337 804 1415 852 ille
1448 804 1566 867 ipse,
1593 819 1740 867 quem

161 895 212 934 tu
264 888 616 951 nequissimum
671 888 890 937 occisum
948 903 1056 936 esse
1113 887 1285 946 dixisti,
1335 887 1497 935 caedis
1553 887 1741 934 initium

161 968 359 1031 quaerit,
385 970 663 1032 nullamque
690 970 831 1017 aliam
864 971 930 1017 ob
965 985 1163 1018 causam
1197 985 1276 1017 me
1310 978 1557 1018 auctorem
1593 968 1741 1017 fuisse

162 1050 382 1100 Caesaris
419 1051 736 1100 interficiendi
773 1052 1062 1111 criminatur,
1100 1052 1191 1101 nisi
1233 1061 1285 1100 ut
1326 1052 1378 1099 in
1412 1067 1491 1099 me
1527 1051 1740 1100 veterani

162 1134 446 1182 incitentur:
485 1135 621 1197 quod
662 1150 756 1197 ego
801 1134 1068 1197 periculum
1111 1150 1213 1182 non
1255 1135 1550 1194 extimesc03
1589 1134 1742 1182 modo

163 1217 302 1264 vestri
326 1217 437 1265 facti
460 1218 667 1280 gloriam
692 1232 804 1265 cum
829 1233 939 1265 mea
962 1218 1104 1266 laude
1130 1218 1470 1266 communicet.
1542 1217 1617 1265 Ita
1652 1232 1744 1265 nec

163 1297 343 1356 Pisoni,
370 1299 451 1361 qui
476 1298 526 1345 in
551 1314 663 1346 eum
688 1299 873 1360 primus
906 1299 1122 1347 invectus
1157 1307 1230 1347 est
1262 1299 1394 1347 nullo
1427 1299 1742 1356 adsentiente,

163 1396 253 1429 nec
278 1381 408 1439 mihi,
427 1380 508 1443 qui
532 1380 662 1429 idem
686 1381 964 1429 tricensimo
989 1390 1102 1444 post
1126 1381 1202 1429 die
1228 1381 1334 1440 feci,
1355 1398 1446 1430 nec
1466 1381 1743 1439 P.Servilio,

164 1464 246 1526 qui
294 1479 371 1511 me
420 1471 493 1511 est
540 1472 845 1523 consecutus,
886 1471 989 1512 tuto
1036 1465 1086 1512 in
1136 1473 1358 1512 senatum
1405 1466 1565 1513 venire
1607 1465 1743 1514 licet:

165 1546 366 1594 caedem
401 1546 532 1594 enim
567 1546 806 1608 gladiator
836 1547 1022 1610 quaerit
1054 1547 1251 1610 eiusque
1284 1548 1473 1595 initium
1506 1563 1546 1596 a.
1574 1547 1618 1596 d.
1646 1563 1745 1596 xm.

165 1628 274 1676 Kal.
303 1627 503 1676 Octobr.
528 1643 557 1676 a
588 1644 667 1676 me
701 1644 754 1677 se
787 1629 1026 1677 facturum
1059 1632 1253 1692 putavit,
1280 1630 1341 1678 ad
1371 1646 1518 1694 quem
1550 1639 1746 1694 paratus

165 1718 372 1769 venerat,
400 1725 512 1759 cum
544 1710 594 1758 in
618 1710 726 1758 villa
751 1711 935 1759 Metelli
961 1712 1235 1775 complures
1261 1713 1363 1762 dies
1389 1722 1747 1762 commentatus

166 1801 304 1842 esset.
378 1793 519 1852 Quae
562 1800 723 1841 autem
766 1793 816 1840 in
857 1794 1016 1842 lustris
1058 1803 1106 1843 et
1146 1795 1197 1842 in
1239 1796 1352 1844 vino
1400 1797 1747 1845 commentatio

166 1877 323 1940 potuit
357 1876 496 1923 esse?
534 1875 694 1938 itaque
738 1876 967 1924 omnibus
1009 1884 1082 1925 est
1122 1876 1264 1937 visus,
1302 1886 1355 1926 ut
1402 1879 1465 1927 ad
1512 1887 1558 1927 te
1606 1887 1748 1928 antea

167 1958 348 2021 scripsi,
373 1973 568 2006 vomere
604 1974 694 2006 suo
725 1974 876 2017 more,
904 1975 1006 2007 non
1042 1959 1215 2008 dicere.
1291 1977 1333 2009 2.
1372 1961 1485 2020 Qua
1521 1977 1586 2020 re,
1614 1962 1748 2026 quod

167 2041 333 2089 scribis
359 2047 404 2089 te
430 2040 673 2089 confidere
698 2041 980 2090 auctoritate
1007 2049 1054 2090 et
1078 2042 1354 2106 eloquentia
1378 2052 1544 2092 nostra
1567 2044 1748 2108 aliquid

166 2122 337 2186 profici
369 2137 529 2185 posse,
555 2138 655 2170 non
692 2123 824 2182 nihil,
851 2133 901 2172 ut
926 2124 975 2172 in
1000 2125 1142 2173 tantis
1167 2126 1320 2185 malis,
1346 2134 1418 2175 est
1442 2126 1744 2190 profectum:

165 2205 396 2268 intellegit
420 2206 550 2254 enim
574 2206 784 2269 populus
810 2207 1066 2257 Romanus
1091 2216 1186 2258 tres
1212 2225 1318 2258 esse
1344 2210 1639 2270 consulareS‚
1666 2211 1748 2275 qui

167 2289 294 2352 quia,
319 2304 431 2350 quae
455 2288 516 2336 de
540 2305 591 2337 re
615 2290 810 2353 publica
843 2292 966 2339 bene
1002 2292 1251 2351 senserint,
1278 2292 1424 2342 libere
1457 2294 1604 2342 locuti
1639 2295 1748 2354 sint,

169 2378 270 2419 tuto
304 2370 353 2418 in
383 2379 607 2419 senatum
638 2373 800 2421 venire
834 2389 935 2421 non
972 2375 1175 2436 possint.
1248 2374 1354 2424 Nec
1391 2382 1464 2424 est
1500 2385 1750 2439 praeterea

116 2483 121 2490 -
167 2453 300 2517 quod
330 2453 590 2515 quicquam
625 2463 898 2518 exspectes;
936 2465 1045 2505 tuus
1078 2458 1209 2504 enim
1243 2458 1543 2506 necessarius
1579 2458 1748 2508 adfini-

168 2543 262 2583 tate
319 2549 444 2583 nova
500 2536 791 2585 delectatur:
851 2538 1012 2600 itaque
1068 2539 1164 2587 iam
1220 2555 1321 2588 non
1375 2548 1448 2588 est
1503 2541 1749 2593 studiosus

166 2617 392 2666 ludorum
426 2617 710 2682 infinitoque
744 2619 898 2670 fratris
933 2622 1000 2670 tui
1036 2622 1208 2685 plausu
1244 2623 1542 2686 dirumpitur.
1613 2624 1750 2674 Alter

166 2701 283 2749 item
321 2698 492 2748 adfinis
534 2701 671 2751 novis
714 2705 1074 2753 commentariis
1118 2704 1339 2754 Caesaris
1382 2705 1618 2756 delenitus
1660 2718 1745 2757 est.

171 2782 267 2832 Sed
302 2781 425 2830 haec
461 2781 751 2833 tolerabilia:
789 2786 905 2836 illud
940 2802 1042 2835 non
1078 2787 1346 2845 ferendum,
1382 2789 1515 2852 quod
1553 2798 1640 2850 est,
1667 2792 1748 2854 qui

944 2883 976 2918 R
