<?xml version="1.0" encoding="UTF-8"?>
<!DOCTYPE html PUBLIC "-//W3C//DTD XHTML 1.0 Transitional//EN"
    "http://www.w3.org/TR/xhtml1/DTD/xhtml1-transitional.dtd">
<html xmlns="http://www.w3.org/1999/xhtml" xml:lang="en" lang="en">
 <head>
  <title>
</title>
<meta http-equiv="Content-Type" content="text/html;charset=utf-8" />
  <meta name='ocr-system' content='tesseract 3.04.00' />
  <meta name='ocr-capabilities' content='ocr_page ocr_carea ocr_par ocr_line ocrx_word'/>
</head>
<body>
  <div class='ocr_page' id='page_1' title='image "./epistolaeselecta00ciceuoft_0132.png"; bbox 0 0 2040 3048; ppageno 0'>
   <div class='ocr_carea' id='block_1_1' title="bbox 309 87 1879 157">
    <p class='ocr_par' dir='ltr' id='par_1_1' title="bbox 309 87 1879 157">
     <span class='ocr_line' id='line_1_1' title="bbox 309 87 1879 157; baseline 0.001 -19"><span class='ocrx_word' id='word_1_1' title='bbox 309 100 328 138; x_wconf 92' lang='lat'>1</span> <span class='ocrx_word' id='word_1_2' title='bbox 346 87 410 138; x_wconf 90' lang='lat'>16</span> <span class='ocrx_word' id='word_1_3' title='bbox 759 96 818 135; x_wconf 88' lang='lat' dir='ltr'>M.</span> <span class='ocrx_word' id='word_1_4' title='bbox 867 97 1068 137; x_wconf 82' lang='lat' dir='ltr'><em>TULLII</em></span> <span class='ocrx_word' id='word_1_5' title='bbox 1104 96 1421 137; x_wconf 77' lang='lat' dir='ltr'><em>CICERONIS</em></span> <span class='ocrx_word' id='word_1_6' title='bbox 1692 87 1801 157; x_wconf 75' lang='lat' dir='ltr'>[Pars</span> <span class='ocrx_word' id='word_1_7' title='bbox 1826 100 1879 140; x_wconf 87' lang='lat'>11.</span> 
     </span>
    </p>
   </div>
   <div class='ocr_carea' id='block_1_2' title="bbox 301 224 1883 1930">
    <p class='ocr_par' dir='ltr' id='par_1_2' title="bbox 301 224 1883 1930">
     <span class='ocr_line' id='line_1_2' title="bbox 302 224 1881 289; baseline 0.002 -18"><span class='ocrx_word' id='word_1_8' title='bbox 302 238 399 285; x_wconf 89' lang='lat' dir='ltr'>qua</span> <span class='ocrx_word' id='word_1_9' title='bbox 433 238 586 271; x_wconf 89' lang='lat' dir='ltr'>unum</span> <span class='ocrx_word' id='word_1_10' title='bbox 623 225 859 272; x_wconf 86' lang='lat' dir='ltr'>exstitisse</span> <span class='ocrx_word' id='word_1_11' title='bbox 896 224 1111 273; x_wconf 89' lang='lat' dir='ltr'>mirabile</span> <span class='ocrx_word' id='word_1_12' title='bbox 1147 232 1234 283; x_wconf 91' lang='lat' dir='ltr'>est,</span> <span class='ocrx_word' id='word_1_13' title='bbox 1266 240 1413 289; x_wconf 91' lang='lat' dir='ltr'>quem</span> <span class='ocrx_word' id='word_1_14' title='bbox 1449 239 1544 288; x_wconf 86' lang='lat' dir='ltr'>ego</span> <span class='ocrx_word' id='word_1_15' title='bbox 1577 240 1769 274; x_wconf 91' lang='lat' dir='ltr'>currum</span> <span class='ocrx_word' id='word_1_16' title='bbox 1801 234 1881 274; x_wconf 88' lang='lat' dir='ltr'>aut</span> 
     </span>
     <span class='ocr_line' id='line_1_3' title="bbox 301 306 1882 369; baseline 0.001 -15"><span class='ocrx_word' id='word_1_17' title='bbox 301 322 449 369; x_wconf 91' lang='lat' dir='ltr'>quam</span> <span class='ocrx_word' id='word_1_18' title='bbox 484 306 696 355; x_wconf 90' lang='lat' dir='ltr'>lauream</span> <span class='ocrx_word' id='word_1_19' title='bbox 733 323 846 355; x_wconf 90' lang='lat' dir='ltr'>curn</span> <span class='ocrx_word' id='word_1_20' title='bbox 881 315 963 356; x_wconf 92' lang='lat' dir='ltr'>tua</span> <span class='ocrx_word' id='word_1_21' title='bbox 996 307 1275 356; x_wconf 85' lang='lat' dir='ltr'>laudatione</span> <span class='ocrx_word' id='word_1_22' title='bbox 1312 307 1617 356; x_wconf 85' lang='lat' dir='ltr'><strong>conferrem?</strong></span> <span class='ocrx_word' id='word_1_23' title='bbox 1670 324 1784 356; x_wconf 88' lang='lat' dir='ltr'>narn</span> <span class='ocrx_word' id='word_1_24' title='bbox 1819 309 1882 356; x_wconf 93' lang='lat' dir='ltr'>ad</span> 
     </span>
     <span class='ocr_line' id='line_1_4' title="bbox 301 389 1883 439; baseline 0.002 -4"><span class='ocrx_word' id='word_1_25' title='bbox 301 404 466 436; x_wconf 90' lang='lat' dir='ltr'>meum</span> <span class='ocrx_word' id='word_1_26' title='bbox 504 403 703 436; x_wconf 89' lang='lat' dir='ltr'>sensum</span> <span class='ocrx_word' id='word_1_27' title='bbox 739 396 788 436; x_wconf 91' lang='lat' dir='ltr'>et</span> <span class='ocrx_word' id='word_1_28' title='bbox 824 389 887 437; x_wconf 90' lang='lat' dir='ltr'>ad</span> <span class='ocrx_word' id='word_1_29' title='bbox 929 389 1043 437; x_wconf 92' lang='lat' dir='ltr'>illud</span> <span class='ocrx_word' id='word_1_30' title='bbox 1078 390 1318 438; x_wconf 89' lang='lat' dir='ltr'>sincerum</span> <span class='ocrx_word' id='word_1_31' title='bbox 1354 405 1411 437; x_wconf 94' lang='lat' dir='ltr'>ac</span> <span class='ocrx_word' id='word_1_32' title='bbox 1447 389 1618 437; x_wconf 87' lang='lat' dir='ltr'>subtile</span> <span class='ocrx_word' id='word_1_33' title='bbox 1653 390 1883 439; x_wconf 90' lang='lat' dir='ltr'>iudicium</span> 
     </span>
     <span class='ocr_line' id='line_1_5' title="bbox 305 470 1882 536; baseline 0.003 -19"><span class='ocrx_word' id='word_1_34' title='bbox 305 470 419 517; x_wconf 90' lang='lat' dir='ltr'>nihil</span> <span class='ocrx_word' id='word_1_35' title='bbox 458 479 620 533; x_wconf 90' lang='lat' dir='ltr'>potest</span> <span class='ocrx_word' id='word_1_36' title='bbox 645 487 751 519; x_wconf 88' lang='lat' dir='ltr'>esse</span> <span class='ocrx_word' id='word_1_37' title='bbox 777 472 1063 521; x_wconf 85' lang='lat' dir='ltr'>laudabilius</span> <span class='ocrx_word' id='word_1_38' title='bbox 1093 488 1242 535; x_wconf 90' lang='lat' dir='ltr'>quam</span> <span class='ocrx_word' id='word_1_39' title='bbox 1266 488 1324 520; x_wconf 92' lang='lat' dir='ltr'>ea</span> <span class='ocrx_word' id='word_1_40' title='bbox 1354 480 1436 519; x_wconf 89' lang='lat' dir='ltr'>tua</span> <span class='ocrx_word' id='word_1_41' title='bbox 1467 473 1635 530; x_wconf 87' lang='lat' dir='ltr'>oratio,</span> <span class='ocrx_word' id='word_1_42' title='bbox 1661 489 1785 536; x_wconf 93' lang='lat' dir='ltr'>quae</span> <span class='ocrx_word' id='word_1_43' title='bbox 1809 482 1882 521; x_wconf 89' lang='lat' dir='ltr'>est</span> 
     </span>
     <span class='ocr_line' id='line_1_6' title="bbox 301 554 1882 617; baseline 0.002 -16"><span class='ocrx_word' id='word_1_44' title='bbox 301 554 366 601; x_wconf 91' lang='lat' dir='ltr'>ad</span> <span class='ocrx_word' id='word_1_45' title='bbox 412 569 491 601; x_wconf 90' lang='lat' dir='ltr'>me</span> <span class='ocrx_word' id='word_1_46' title='bbox 534 555 799 617; x_wconf 90' lang='lat' dir='ltr'>perscripta</span> <span class='ocrx_word' id='word_1_47' title='bbox 845 571 874 602; x_wconf 92' lang='lat' dir='ltr'>a</span> <span class='ocrx_word' id='word_1_48' title='bbox 919 556 1041 603; x_wconf 90' lang='lat' dir='ltr'>meis</span> <span class='ocrx_word' id='word_1_49' title='bbox 1091 555 1386 603; x_wconf 89' lang='lat' dir='ltr'>necessariis.</span> <span class='ocrx_word' id='word_1_50' title='bbox 1462 571 1504 603; x_wconf 87' lang='lat'>2.</span> <span class='ocrx_word' id='word_1_51' title='bbox 1543 554 1639 603; x_wconf 91' lang='lat' dir='ltr'>Sed</span> <span class='ocrx_word' id='word_1_52' title='bbox 1686 571 1882 604; x_wconf 88' lang='lat' dir='ltr'>causam</span> 
     </span>
     <span class='ocr_line' id='line_1_7' title="bbox 301 637 1882 699; baseline 0.001 -16"><span class='ocrx_word' id='word_1_53' title='bbox 301 651 439 684; x_wconf 91' lang='lat' dir='ltr'>meae</span> <span class='ocrx_word' id='word_1_54' title='bbox 465 637 734 696; x_wconf 87' lang='lat' dir='ltr'>voluntatis,</span> <span class='ocrx_word' id='word_1_55' title='bbox 760 652 862 685; x_wconf 93' lang='lat' dir='ltr'>non</span> <span class='ocrx_word' id='word_1_56' title='bbox 887 638 1018 685; x_wconf 88' lang='lat' dir='ltr'>enirn</span> <span class='ocrx_word' id='word_1_57' title='bbox 1053 637 1211 685; x_wconf 91' lang='lat' dir='ltr'>dicam</span> <span class='ocrx_word' id='word_1_58' title='bbox 1245 637 1533 699; x_wconf 84' lang='lat' dir='ltr'>cupiditatis,</span> <span class='ocrx_word' id='word_1_59' title='bbox 1560 638 1765 699; x_wconf 88' lang='lat' dir='ltr'>exposui</span> <span class='ocrx_word' id='word_1_60' title='bbox 1796 638 1882 685; x_wconf 91' lang='lat' dir='ltr'>tibi</span> 
     </span>
     <span class='ocr_line' id='line_1_8' title="bbox 303 718 1881 783; baseline 0.002 -18"><span class='ocrx_word' id='word_1_61' title='bbox 303 718 629 781; x_wconf 88' lang='lat' dir='ltr'>superioribus</span> <span class='ocrx_word' id='word_1_62' title='bbox 654 719 831 778; x_wconf 89' lang='lat' dir='ltr'>litteris,</span> <span class='ocrx_word' id='word_1_63' title='bbox 858 735 983 783; x_wconf 90' lang='lat' dir='ltr'>quae</span> <span class='ocrx_word' id='word_1_64' title='bbox 1008 718 1195 767; x_wconf 88' lang='lat' dir='ltr'>etiamsi</span> <span class='ocrx_word' id='word_1_65' title='bbox 1218 734 1391 782; x_wconf 89' lang='lat' dir='ltr'>parum</span> <span class='ocrx_word' id='word_1_66' title='bbox 1415 718 1539 766; x_wconf 90' lang='lat' dir='ltr'>iusta</span> <span class='ocrx_word' id='word_1_67' title='bbox 1561 718 1647 766; x_wconf 92' lang='lat' dir='ltr'>tibi</span> <span class='ocrx_word' id='word_1_68' title='bbox 1669 719 1771 766; x_wconf 90' lang='lat' dir='ltr'>visa</span> <span class='ocrx_word' id='word_1_69' title='bbox 1795 729 1881 778; x_wconf 91' lang='lat' dir='ltr'>est,</span> 
     </span>
     <span class='ocr_line' id='line_1_9' title="bbox 301 799 1883 864; baseline 0.003 -18"><span class='ocrx_word' id='word_1_70' title='bbox 301 799 428 848; x_wconf 91' lang='lat' dir='ltr'>hanc</span> <span class='ocrx_word' id='word_1_71' title='bbox 451 808 614 861; x_wconf 88' lang='lat' dir='ltr'>tamen</span> <span class='ocrx_word' id='word_1_72' title='bbox 639 802 784 849; x_wconf 92' lang='lat' dir='ltr'>habet</span> <span class='ocrx_word' id='word_1_73' title='bbox 811 803 1064 859; x_wconf 90' lang='lat' dir='ltr'>rationem,</span> <span class='ocrx_word' id='word_1_74' title='bbox 1093 816 1194 848; x_wconf 87' lang='lat' dir='ltr'>non</span> <span class='ocrx_word' id='word_1_75' title='bbox 1217 809 1269 849; x_wconf 92' lang='lat' dir='ltr'>ut</span> <span class='ocrx_word' id='word_1_76' title='bbox 1294 801 1438 849; x_wconf 88' lang='lat' dir='ltr'>nimis</span> <span class='ocrx_word' id='word_1_77' title='bbox 1464 802 1883 864; x_wconf 89' lang='lat' dir='ltr'>concupiscendus</span> 
     </span>
     <span class='ocr_line' id='line_1_10' title="bbox 301 881 1882 947; baseline 0.001 -17"><span class='ocrx_word' id='word_1_78' title='bbox 301 881 475 941; x_wconf 91' lang='lat' dir='ltr'>honos,</span> <span class='ocrx_word' id='word_1_79' title='bbox 513 883 602 931; x_wconf 89' lang='lat' dir='ltr'>sed</span> <span class='ocrx_word' id='word_1_80' title='bbox 635 891 811 942; x_wconf 90' lang='lat' dir='ltr'>tamen,</span> <span class='ocrx_word' id='word_1_81' title='bbox 850 884 891 932; x_wconf 91' lang='lat' dir='ltr'>si</span> <span class='ocrx_word' id='word_1_82' title='bbox 927 884 1165 931; x_wconf 91' lang='lat' dir='ltr'>deferatur</span> <span class='ocrx_word' id='word_1_83' title='bbox 1201 899 1229 930; x_wconf 91' lang='lat' dir='ltr'>a</span> <span class='ocrx_word' id='word_1_84' title='bbox 1265 891 1449 940; x_wconf 91' lang='lat' dir='ltr'>senatu,</span> <span class='ocrx_word' id='word_1_85' title='bbox 1485 883 1682 931; x_wconf 91' lang='lat' dir='ltr'>minime</span> <span class='ocrx_word' id='word_1_86' title='bbox 1719 900 1882 947; x_wconf 90' lang='lat' dir='ltr'>asper·</span> 
     </span>
     <span class='ocr_line' id='line_1_11' title="bbox 303 964 1882 1029; baseline 0.001 -17"><span class='ocrx_word' id='word_1_87' title='bbox 303 965 494 1013; x_wconf 85' lang='lat' dir='ltr'>naudus</span> <span class='ocrx_word' id='word_1_88' title='bbox 531 980 638 1013; x_wconf 88' lang='lat' dir='ltr'>esse</span> <span class='ocrx_word' id='word_1_89' title='bbox 672 965 901 1014; x_wconf 88' lang='lat' dir='ltr'>videatur.</span> <span class='ocrx_word' id='word_1_90' title='bbox 977 964 1131 1028; x_wconf 90' lang='lat' dir='ltr'>Spero</span> <span class='ocrx_word' id='word_1_91' title='bbox 1168 973 1329 1013; x_wconf 89' lang='lat' dir='ltr'>autem</span> <span class='ocrx_word' id='word_1_92' title='bbox 1368 964 1500 1011; x_wconf 91' lang='lat' dir='ltr'>illurn</span> <span class='ocrx_word' id='word_1_93' title='bbox 1537 964 1756 1012; x_wconf 88' lang='lat' dir='ltr'>ordinem</span> <span class='ocrx_word' id='word_1_94' title='bbox 1793 981 1882 1029; x_wconf 92' lang='lat' dir='ltr'>pro</span> 
     </span>
     <span class='ocr_line' id='line_1_12' title="bbox 301 1047 1881 1111; baseline 0.001 -17"><span class='ocrx_word' id='word_1_95' title='bbox 301 1047 423 1096; x_wconf 92' lang='lat' dir='ltr'>meis</span> <span class='ocrx_word' id='word_1_96' title='bbox 448 1047 513 1094; x_wconf 92' lang='lat' dir='ltr'>ob</span> <span class='ocrx_word' id='word_1_97' title='bbox 537 1062 641 1095; x_wconf 88' lang='lat' dir='ltr'>rem</span> <span class='ocrx_word' id='word_1_98' title='bbox 663 1047 907 1111; x_wconf 85' lang='lat' dir='ltr'>publicam</span> <span class='ocrx_word' id='word_1_99' title='bbox 933 1048 1167 1111; x_wconf 89' lang='lat' dir='ltr'>susceptis</span> <span class='ocrx_word' id='word_1_100' title='bbox 1201 1047 1446 1095; x_wconf 87' lang='lat' dir='ltr'>laboribus</span> <span class='ocrx_word' id='word_1_101' title='bbox 1479 1061 1558 1095; x_wconf 89' lang='lat' dir='ltr'>me</span> <span class='ocrx_word' id='word_1_102' title='bbox 1591 1061 1692 1094; x_wconf 92' lang='lat' dir='ltr'>non</span> <span class='ocrx_word' id='word_1_103' title='bbox 1725 1048 1881 1111; x_wconf 89' lang='lat' dir='ltr'>indig-</span> 
     </span>
     <span class='ocr_line' id='line_1_13' title="bbox 304 1128 1882 1193; baseline 0.002 -17"><span class='ocrx_word' id='word_1_104' title='bbox 304 1144 421 1176; x_wconf 88' lang='lat' dir='ltr'>num</span> <span class='ocrx_word' id='word_1_105' title='bbox 444 1129 644 1189; x_wconf 89' lang='lat' dir='ltr'>honore,</span> <span class='ocrx_word' id='word_1_106' title='bbox 671 1130 846 1178; x_wconf 93' lang='lat' dir='ltr'>usitato</span> <span class='ocrx_word' id='word_1_107' title='bbox 880 1129 1175 1193; x_wconf 87' lang='lat' dir='ltr'>praesertim,</span> <span class='ocrx_word' id='word_1_108' title='bbox 1201 1128 1595 1176; x_wconf 84' lang='lat' dir='ltr'>existimaturum.</span> <span class='ocrx_word' id='word_1_109' title='bbox 1667 1128 1817 1188; x_wconf 88' lang='lat' dir='ltr'>Quod</span> <span class='ocrx_word' id='word_1_110' title='bbox 1843 1131 1882 1179; x_wconf 91' lang='lat' dir='ltr'>si</span> 
     </span>
     <span class='ocr_line' id='line_1_14' title="bbox 302 1210 1880 1276; baseline 0.001 -18"><span class='ocrx_word' id='word_1_111' title='bbox 302 1210 369 1259; x_wconf 88' lang='lat' dir='ltr'>ita</span> <span class='ocrx_word' id='word_1_112' title='bbox 403 1211 501 1269; x_wconf 88' lang='lat' dir='ltr'>erit,</span> <span class='ocrx_word' id='word_1_113' title='bbox 538 1218 727 1259; x_wconf 90' lang='lat' dir='ltr'>tantum</span> <span class='ocrx_word' id='word_1_114' title='bbox 764 1228 824 1260; x_wconf 88' lang='lat' dir='ltr'>ex</span> <span class='ocrx_word' id='word_1_115' title='bbox 861 1220 907 1260; x_wconf 88' lang='lat' dir='ltr'>te</span> <span class='ocrx_word' id='word_1_116' title='bbox 943 1220 1073 1275; x_wconf 91' lang='lat' dir='ltr'>pet0,</span> <span class='ocrx_word' id='word_1_117' title='bbox 1112 1211 1246 1275; x_wconf 92' lang='lat' dir='ltr'>quod</span> <span class='ocrx_word' id='word_1_118' title='bbox 1279 1210 1568 1276; x_wconf 59' lang='lat' dir='ltr'>amicissime</span> <span class='ocrx_word' id='word_1_119' title='bbox 1605 1211 1784 1270; x_wconf 90' lang='lat' dir='ltr'>scribis,</span> <span class='ocrx_word' id='word_1_120' title='bbox 1815 1221 1880 1270; x_wconf 92' lang='lat' dir='ltr'>ut,</span> 
     </span>
     <span class='ocr_line' id='line_1_15' title="bbox 304 1293 1882 1357; baseline 0 -15"><span class='ocrx_word' id='word_1_121' title='bbox 304 1308 417 1342; x_wconf 88' lang='lat' dir='ltr'>curn</span> <span class='ocrx_word' id='word_1_122' title='bbox 453 1301 537 1340; x_wconf 90' lang='lat' dir='ltr'>tuo</span> <span class='ocrx_word' id='word_1_123' title='bbox 574 1293 765 1352; x_wconf 90' lang='lat' dir='ltr'>iudicio,</span> <span class='ocrx_word' id='word_1_124' title='bbox 793 1294 926 1357; x_wconf 92' lang='lat' dir='ltr'>quod</span> <span class='ocrx_word' id='word_1_125' title='bbox 963 1293 1314 1356; x_wconf 90' lang='lat' dir='ltr'>amplissimum</span> <span class='ocrx_word' id='word_1_126' title='bbox 1347 1307 1453 1341; x_wconf 87' lang='lat' dir='ltr'>esse</span> <span class='ocrx_word' id='word_1_127' title='bbox 1486 1293 1740 1352; x_wconf 89' lang='lat' dir='ltr'>arbitraris,</span> <span class='ocrx_word' id='word_1_128' title='bbox 1767 1295 1882 1342; x_wconf 90' lang='lat' dir='ltr'>mihi</span> 
     </span>
     <span class='ocr_line' id='line_1_16' title="bbox 304 1374 1882 1438; baseline 0.002 -16"><span class='ocrx_word' id='word_1_129' title='bbox 304 1375 538 1433; x_wconf 89' lang='lat' dir='ltr'>tribueris,</span> <span class='ocrx_word' id='word_1_130' title='bbox 581 1374 620 1422; x_wconf 87' lang='lat' dir='ltr'>si</span> <span class='ocrx_word' id='word_1_131' title='bbox 667 1375 731 1433; x_wconf 90' lang='lat' dir='ltr'>id,</span> <span class='ocrx_word' id='word_1_132' title='bbox 770 1375 902 1438; x_wconf 91' lang='lat' dir='ltr'>quod</span> <span class='ocrx_word' id='word_1_133' title='bbox 946 1375 1177 1432; x_wconf 88' lang='lat' dir='ltr'>maluero,</span> <span class='ocrx_word' id='word_1_134' title='bbox 1225 1374 1464 1432; x_wconf 89' lang='lat' dir='ltr'>acciderit,</span> <span class='ocrx_word' id='word_1_135' title='bbox 1507 1375 1752 1436; x_wconf 88' lang='lat' dir='ltr'>gaudeas:</span> <span class='ocrx_word' id='word_1_136' title='bbox 1813 1377 1882 1426; x_wconf 90' lang='lat' dir='ltr'>sic</span> 
     </span>
     <span class='ocr_line' id='line_1_17' title="bbox 305 1455 1883 1521; baseline 0 -15"><span class='ocrx_word' id='word_1_137' title='bbox 305 1457 436 1506; x_wconf 86' lang='lat' dir='ltr'>enirn</span> <span class='ocrx_word' id='word_1_138' title='bbox 460 1455 631 1504; x_wconf 88' lang='lat' dir='ltr'>fecisse</span> <span class='ocrx_word' id='word_1_139' title='bbox 655 1465 702 1505; x_wconf 90' lang='lat' dir='ltr'>te</span> <span class='ocrx_word' id='word_1_140' title='bbox 727 1464 775 1504; x_wconf 89' lang='lat' dir='ltr'>et</span> <span class='ocrx_word' id='word_1_141' title='bbox 800 1458 1008 1505; x_wconf 90' lang='lat' dir='ltr'>sensisse</span> <span class='ocrx_word' id='word_1_142' title='bbox 1035 1464 1082 1504; x_wconf 92' lang='lat' dir='ltr'>et</span> <span class='ocrx_word' id='word_1_143' title='bbox 1115 1456 1366 1519; x_wconf 89' lang='lat' dir='ltr'>scripsisse</span> <span class='ocrx_word' id='word_1_144' title='bbox 1399 1456 1553 1514; x_wconf 87' lang='lat' dir='ltr'>video,</span> <span class='ocrx_word' id='word_1_145' title='bbox 1579 1472 1753 1520; x_wconf 90' lang='lat' dir='ltr'>resque</span> <span class='ocrx_word' id='word_1_146' title='bbox 1778 1458 1883 1521; x_wconf 92' lang='lat' dir='ltr'>ipsa</span> 
     </span>
     <span class='ocr_line' id='line_1_18' title="bbox 307 1537 1882 1601; baseline -0.001 -12"><span class='ocrx_word' id='word_1_147' title='bbox 307 1539 515 1588; x_wconf 89' lang='lat' dir='ltr'>declarat</span> <span class='ocrx_word' id='word_1_148' title='bbox 538 1538 623 1586; x_wconf 92' lang='lat' dir='ltr'>tibi</span> <span class='ocrx_word' id='word_1_149' title='bbox 646 1539 780 1586; x_wconf 91' lang='lat' dir='ltr'>illum</span> <span class='ocrx_word' id='word_1_150' title='bbox 804 1538 1043 1587; x_wconf 88' lang='lat' dir='ltr'>honorem</span> <span class='ocrx_word' id='word_1_151' title='bbox 1076 1546 1295 1587; x_wconf 90' lang='lat' dir='ltr'>nostrum</span> <span class='ocrx_word' id='word_1_152' title='bbox 1329 1537 1688 1601; x_wconf 91' lang='lat' dir='ltr'>supplicationis</span> <span class='ocrx_word' id='word_1_153' title='bbox 1713 1540 1882 1588; x_wconf 90' lang='lat' dir='ltr'>iucun-</span> 
     </span>
     <span class='ocr_line' id='line_1_19' title="bbox 307 1618 1882 1681; baseline 0 -11"><span class='ocrx_word' id='word_1_154' title='bbox 307 1623 424 1670; x_wconf 91' lang='lat' dir='ltr'>dum</span> <span class='ocrx_word' id='word_1_155' title='bbox 459 1618 620 1676; x_wconf 86' lang='lat' dir='ltr'>fuisse,</span> <span class='ocrx_word' id='word_1_156' title='bbox 646 1619 780 1681; x_wconf 91' lang='lat' dir='ltr'>quod</span> <span class='ocrx_word' id='word_1_157' title='bbox 812 1619 1070 1667; x_wconf 90' lang='lat' dir='ltr'>scribendo</span> <span class='ocrx_word' id='word_1_158' title='bbox 1105 1619 1326 1676; x_wconf 89' lang='lat' dir='ltr'>adfuisti;</span> <span class='ocrx_word' id='word_1_159' title='bbox 1364 1620 1484 1667; x_wconf 91' lang='lat' dir='ltr'>haec</span> <span class='ocrx_word' id='word_1_160' title='bbox 1521 1620 1653 1669; x_wconf 87' lang='lat' dir='ltr'>enim</span> <span class='ocrx_word' id='word_1_161' title='bbox 1690 1629 1882 1670; x_wconf 91' lang='lat' dir='ltr'>senatus</span> 
     </span>
     <span class='ocr_line' id='line_1_20' title="bbox 307 1701 1882 1763; baseline 0 -12"><span class='ocrx_word' id='word_1_162' title='bbox 307 1701 526 1751; x_wconf 89' lang='lat' dir='ltr'>consulta</span> <span class='ocrx_word' id='word_1_163' title='bbox 565 1715 666 1748; x_wconf 92' lang='lat' dir='ltr'>non</span> <span class='ocrx_word' id='word_1_164' title='bbox 713 1701 886 1763; x_wconf 86' lang='lat' dir='ltr'>ignoro</span> <span class='ocrx_word' id='word_1_165' title='bbox 933 1702 996 1749; x_wconf 90' lang='lat' dir='ltr'>ab</span> <span class='ocrx_word' id='word_1_166' title='bbox 1043 1701 1344 1749; x_wconf 87' lang='lat' dir='ltr'>amicissimis</span> <span class='ocrx_word' id='word_1_167' title='bbox 1390 1701 1506 1759; x_wconf 83' lang='lat' dir='ltr'>eiuS‚</span> <span class='ocrx_word' id='word_1_168' title='bbox 1546 1701 1681 1749; x_wconf 89' lang='lat' dir='ltr'>cuius</span> <span class='ocrx_word' id='word_1_169' title='bbox 1723 1701 1882 1751; x_wconf 92' lang='lat' dir='ltr'>honor</span> 
     </span>
     <span class='ocr_line' id='line_1_21' title="bbox 308 1782 1880 1847; baseline 0 -14"><span class='ocrx_word' id='word_1_170' title='bbox 308 1785 476 1847; x_wconf 88' lang='lat' dir='ltr'>agitur,</span> <span class='ocrx_word' id='word_1_171' title='bbox 503 1782 645 1832; x_wconf 91' lang='lat' dir='ltr'>scribi</span> <span class='ocrx_word' id='word_1_172' title='bbox 671 1783 837 1834; x_wconf 87' lang='lat' dir='ltr'>solere.</span> <span class='ocrx_word' id='word_1_173' title='bbox 908 1782 1035 1847; x_wconf 86' lang='lat' dir='ltr'>Ego,</span> <span class='ocrx_word' id='word_1_174' title='bbox 1054 1791 1107 1831; x_wconf 94' lang='lat' dir='ltr'>ut</span> <span class='ocrx_word' id='word_1_175' title='bbox 1131 1798 1289 1846; x_wconf 89' lang='lat' dir='ltr'>spero,</span> <span class='ocrx_word' id='word_1_176' title='bbox 1308 1790 1355 1831; x_wconf 91' lang='lat' dir='ltr'>te</span> <span class='ocrx_word' id='word_1_177' title='bbox 1380 1783 1667 1846; x_wconf 91' lang='lat' dir='ltr'>propediem</span> <span class='ocrx_word' id='word_1_178' title='bbox 1690 1784 1880 1844; x_wconf 92' lang='lat' dir='ltr'>videb0‚</span> 
     </span>
     <span class='ocr_line' id='line_1_22' title="bbox 305 1865 1538 1930; baseline -0.003 -15"><span class='ocrx_word' id='word_1_179' title='bbox 305 1875 449 1930; x_wconf 87' lang='lat' dir='ltr'>atque</span> <span class='ocrx_word' id='word_1_180' title='bbox 474 1866 657 1913; x_wconf 91' lang='lat' dir='ltr'>utinam</span> <span class='ocrx_word' id='word_1_181' title='bbox 682 1880 732 1912; x_wconf 89' lang='lat' dir='ltr'>re</span> <span class='ocrx_word' id='word_1_182' title='bbox 757 1865 950 1928; x_wconf 91' lang='lat' dir='ltr'>publica</span> <span class='ocrx_word' id='word_1_183' title='bbox 974 1865 1171 1912; x_wconf 90' lang='lat' dir='ltr'>meliore</span> <span class='ocrx_word' id='word_1_184' title='bbox 1191 1880 1337 1927; x_wconf 91' lang='lat' dir='ltr'>quam</span> <span class='ocrx_word' id='word_1_185' title='bbox 1361 1865 1538 1912; x_wconf 85' lang='lat' dir='ltr'>timeo!</span> 
     </span>
    </p>
   </div>
   <div class='ocr_carea' id='block_1_3' title="bbox 595 1994 1593 2055">
    <p class='ocr_par' dir='ltr' id='par_1_3' title="bbox 595 1994 1593 2055">
     <span class='ocr_line' id='line_1_23' title="bbox 595 1994 1593 2055; baseline -0.001 -11"><span class='ocrx_word' id='word_1_186' title='bbox 595 1999 676 2044; x_wconf 87' lang='lat'>41.</span> <span class='ocrx_word' id='word_1_187' title='bbox 747 1996 842 2044; x_wconf 95' lang='lat' dir='ltr'>AD</span> <span class='ocrx_word' id='word_1_188' title='bbox 877 1994 1298 2044; x_wconf 90' lang='lat' dir='ltr'>FAMILIARES</span> <span class='ocrx_word' id='word_1_189' title='bbox 1334 1995 1474 2043; x_wconf 90' lang='lat' dir='ltr'>VIII.</span> <span class='ocrx_word' id='word_1_190' title='bbox 1518 2011 1593 2055; x_wconf 89' lang='lat'>14.</span> 
     </span>
    </p>
   </div>
   <div class='ocr_carea' id='block_1_4' title="bbox 464 2091 1727 2232">
    <p class='ocr_par' dir='ltr' id='par_1_4' title="bbox 464 2091 1727 2232">
     <span class='ocr_line' id='line_1_24' title="bbox 464 2091 1727 2154; baseline 0.001 -14"><span class='ocrx_word' id='word_1_191' title='bbox 464 2091 575 2142; x_wconf 69' lang='lat' dir='ltr'>Son.</span> <span class='ocrx_word' id='word_1_192' title='bbox 613 2091 795 2141; x_wconf 81' lang='lat' dir='ltr'>ROMAE</span> <span class='ocrx_word' id='word_1_193' title='bbox 830 2107 986 2140; x_wconf 83' lang='lat' dir='ltr'>MENSE</span> <span class='ocrx_word' id='word_1_194' title='bbox 1024 2092 1301 2141; x_wconf 82' lang='lat' dir='ltr'>SEPTEMBRI</span> <span class='ocrx_word' id='word_1_195' title='bbox 1339 2093 1399 2153; x_wconf 77' lang='grc' dir='ltr'>(Ρ)</span> <span class='ocrx_word' id='word_1_196' title='bbox 1438 2107 1575 2141; x_wconf 80' lang='lat' dir='ltr'>A.U.c.</span> <span class='ocrx_word' id='word_1_197' title='bbox 1616 2103 1727 2154; x_wconf 89' lang='lat'><strong>704.</strong></span> 
     </span>
     <span class='ocr_line' id='line_1_25' title="bbox 798 2196 1391 2232; baseline 0 -3"><span class='ocrx_word' id='word_1_198' title='bbox 798 2196 999 2230; x_wconf 84' lang='lat' dir='ltr'><strong>CAELIUS</strong></span> <span class='ocrx_word' id='word_1_199' title='bbox 1033 2196 1255 2232; x_wconf 80' lang='lat' dir='ltr'><strong>CICERONI</strong></span> <span class='ocrx_word' id='word_1_200' title='bbox 1289 2196 1391 2230; x_wconf 87' lang='lat' dir='ltr'><strong>SAL.</strong></span> 
     </span>
    </p>
   </div>
   <div class='ocr_carea' id='block_1_5' title="bbox 308 2275 1882 2830">
    <p class='ocr_par' dir='ltr' id='par_1_5' title="bbox 308 2275 1882 2830">
     <span class='ocr_line' id='line_1_26' title="bbox 380 2275 1880 2340; baseline -0.003 -13"><span class='ocrx_word' id='word_1_201' title='bbox 380 2294 420 2327; x_wconf 88' lang='lat'>1.</span> <span class='ocrx_word' id='word_1_202' title='bbox 460 2276 624 2326; x_wconf 80' lang='lat' dir='ltr'>TANT1</span> <span class='ocrx_word' id='word_1_203' title='bbox 664 2291 766 2324; x_wconf 89' lang='lat' dir='ltr'>non</span> <span class='ocrx_word' id='word_1_204' title='bbox 804 2276 891 2324; x_wconf 88' lang='lat' dir='ltr'>fuit</span> <span class='ocrx_word' id='word_1_205' title='bbox 935 2277 1154 2326; x_wconf 89' lang='lat' dir='ltr'>Arsacen</span> <span class='ocrx_word' id='word_1_206' title='bbox 1189 2293 1360 2340; x_wconf 85' lang='lat' dir='ltr'>capere</span> <span class='ocrx_word' id='word_1_207' title='bbox 1398 2283 1445 2325; x_wconf 87' lang='lat' dir='ltr'>et</span> <span class='ocrx_word' id='word_1_208' title='bbox 1482 2275 1762 2325; x_wconf 87' lang='lat' dir='ltr'>Seleuceam</span> <span class='ocrx_word' id='word_1_209' title='bbox 1797 2292 1880 2325; x_wconf 89' lang='lat' dir='ltr'>ex-</span> 
     </span>
     <span class='ocr_line' id='line_1_27' title="bbox 308 2358 1880 2425; baseline -0.001 -17"><span class='ocrx_word' id='word_1_210' title='bbox 308 2374 539 2425; x_wconf 86' lang='lat' dir='ltr'>pugnare,</span> <span class='ocrx_word' id='word_1_211' title='bbox 557 2364 610 2406; x_wconf 91' lang='lat' dir='ltr'>ut</span> <span class='ocrx_word' id='word_1_212' title='bbox 633 2373 798 2406; x_wconf 90' lang='lat' dir='ltr'>earum</span> <span class='ocrx_word' id='word_1_213' title='bbox 822 2373 992 2417; x_wconf 90' lang='lat' dir='ltr'>rerum,</span> <span class='ocrx_word' id='word_1_214' title='bbox 1020 2375 1143 2422; x_wconf 87' lang='lat' dir='ltr'>quae</span> <span class='ocrx_word' id='word_1_215' title='bbox 1162 2358 1241 2407; x_wconf 91' lang='lat' dir='ltr'>hic</span> <span class='ocrx_word' id='word_1_216' title='bbox 1264 2366 1428 2422; x_wconf 86' lang='lat' dir='ltr'>gestae</span> <span class='ocrx_word' id='word_1_217' title='bbox 1455 2367 1579 2417; x_wconf 89' lang='lat' dir='ltr'>sunt,</span> <span class='ocrx_word' id='word_1_218' title='bbox 1606 2359 1880 2421; x_wconf 89' lang='lat' dir='ltr'>spectaculo</span> 
     </span>
     <span class='ocr_line' id='line_1_28' title="bbox 308 2440 1882 2503; baseline -0.001 -12"><span class='ocrx_word' id='word_1_219' title='bbox 308 2454 523 2492; x_wconf 85' lang='lat' dir='ltr'>careres:</span> <span class='ocrx_word' id='word_1_220' title='bbox 582 2455 849 2503; x_wconf 89' lang='lat' dir='ltr'>numquam</span> <span class='ocrx_word' id='word_1_221' title='bbox 889 2440 974 2488; x_wconf 88' lang='lat' dir='ltr'>tibi</span> <span class='ocrx_word' id='word_1_222' title='bbox 1016 2441 1143 2489; x_wconf 90' lang='lat' dir='ltr'>oculi</span> <span class='ocrx_word' id='word_1_223' title='bbox 1191 2441 1467 2499; x_wconf 88' lang='lat' dir='ltr'>doluissent,</span> <span class='ocrx_word' id='word_1_224' title='bbox 1509 2440 1550 2488; x_wconf 90' lang='lat' dir='ltr'>si</span> <span class='ocrx_word' id='word_1_225' title='bbox 1595 2440 1644 2487; x_wconf 92' lang='lat' dir='ltr'>in</span> <span class='ocrx_word' id='word_1_226' title='bbox 1690 2440 1882 2503; x_wconf 90' lang='lat' dir='ltr'>repulsa</span> 
     </span>
     <span class='ocr_line' id='line_1_29' title="bbox 309 2521 1882 2585; baseline -0.001 -14"><span class='ocrx_word' id='word_1_227' title='bbox 309 2522 511 2571; x_wconf 89' lang='lat' dir='ltr'>Domitii</span> <span class='ocrx_word' id='word_1_228' title='bbox 547 2522 729 2570; x_wconf 89' lang='lat' dir='ltr'>voltum</span> <span class='ocrx_word' id='word_1_229' title='bbox 763 2522 973 2571; x_wconf 88' lang='lat' dir='ltr'>vidisses.</span> <span class='ocrx_word' id='word_1_230' title='bbox 1046 2521 1232 2585; x_wconf 88' lang='lat' dir='ltr'>Magna</span> <span class='ocrx_word' id='word_1_231' title='bbox 1267 2522 1346 2570; x_wconf 91' lang='lat' dir='ltr'>illa</span> <span class='ocrx_word' id='word_1_232' title='bbox 1381 2522 1575 2570; x_wconf 90' lang='lat' dir='ltr'>comitia</span> <span class='ocrx_word' id='word_1_233' title='bbox 1609 2521 1800 2569; x_wconf 87' lang='lat' dir='ltr'>fuerunt</span> <span class='ocrx_word' id='word_1_234' title='bbox 1835 2530 1882 2570; x_wconf 91' lang='lat' dir='ltr'>et</span> 
     </span>
     <span class='ocr_line' id='line_1_30' title="bbox 310 2604 1881 2669; baseline -0.001 -16"><span class='ocrx_word' id='word_1_235' title='bbox 310 2606 451 2669; x_wconf 91' lang='lat' dir='ltr'>plane</span> <span class='ocrx_word' id='word_1_236' title='bbox 501 2604 657 2651; x_wconf 87' lang='lat' dir='ltr'>studia</span> <span class='ocrx_word' id='word_1_237' title='bbox 697 2620 758 2651; x_wconf 90' lang='lat' dir='ltr'>ex</span> <span class='ocrx_word' id='word_1_238' title='bbox 805 2604 1012 2667; x_wconf 89' lang='lat' dir='ltr'>partium</span> <span class='ocrx_word' id='word_1_239' title='bbox 1060 2619 1205 2652; x_wconf 92' lang='lat' dir='ltr'>sensu</span> <span class='ocrx_word' id='word_1_240' title='bbox 1251 2611 1576 2667; x_wconf 89' lang='lat' dir='ltr'>apparuerunt</span> <span class='ocrx_word' id='word_1_241' title='bbox 1591 2619 1606 2663; x_wconf 80' lang='lat'><em>3</em></span> <span class='ocrx_word' id='word_1_242' title='bbox 1652 2604 1881 2666; x_wconf 91' lang='lat' dir='ltr'>perpauci</span> 
     </span>
     <span class='ocr_line' id='line_1_31' title="bbox 310 2684 1881 2748; baseline -0.001 -14"><span class='ocrx_word' id='word_1_243' title='bbox 310 2686 713 2735; x_wconf 86' lang='lat' dir='ltr'>necessitudinem</span> <span class='ocrx_word' id='word_1_244' title='bbox 738 2685 889 2734; x_wconf 90' lang='lat' dir='ltr'>secuti</span> <span class='ocrx_word' id='word_1_245' title='bbox 911 2685 1124 2733; x_wconf 89' lang='lat' dir='ltr'>officium</span> <span class='ocrx_word' id='word_1_246' title='bbox 1149 2686 1499 2748; x_wconf 88' lang='lat' dir='ltr'>praestiterunt.</span> <span class='ocrx_word' id='word_1_247' title='bbox 1569 2684 1739 2748; x_wconf 89' lang='lat' dir='ltr'>Itaque</span> <span class='ocrx_word' id='word_1_248' title='bbox 1765 2684 1881 2733; x_wconf 89' lang='lat' dir='ltr'>mihi</span> 
     </span>
     <span class='ocr_line' id='line_1_32' title="bbox 308 2766 1880 2830; baseline -0.003 -11"><span class='ocrx_word' id='word_1_249' title='bbox 308 2779 380 2819; x_wconf 87' lang='lat' dir='ltr'>est</span> <span class='ocrx_word' id='word_1_250' title='bbox 427 2768 671 2817; x_wconf 87' lang='lat' dir='ltr'>Domitius</span> <span class='ocrx_word' id='word_1_251' title='bbox 728 2767 1100 2825; x_wconf 83' lang='lat' dir='ltr'>inimicissimuS,</span> <span class='ocrx_word' id='word_1_252' title='bbox 1149 2775 1202 2815; x_wconf 91' lang='lat' dir='ltr'>ut</span> <span class='ocrx_word' id='word_1_253' title='bbox 1247 2782 1309 2816; x_wconf 85' lang='lat' dir='ltr'>ne</span> <span class='ocrx_word' id='word_1_254' title='bbox 1355 2766 1636 2815; x_wconf 89' lang='lat' dir='ltr'>familiarem</span> <span class='ocrx_word' id='word_1_255' title='bbox 1683 2767 1880 2830; x_wconf 87' lang='lat' dir='ltr'>quidem</span> 
     </span>
    </p>
   </div>
  </div>
 </body>
</html>
