2040 3048
304 87 402 140 162
753 97 814 136 M.
859 96 1057 136 TULLII
1094 97 1406 136 CICERONIS
1660 82 1873 159 [Pars111.

299 221 433 269 datas
458 236 578 270 esse.
640 237 684 281 4.
706 221 786 268 Tu
811 237 922 269 cum
944 221 1092 270 Sexto
1123 224 1319 270 servasti
1349 221 1630 284 gravitatem
1655 222 1875 280 eandem,

298 319 446 366 quam
470 303 588 351 mihi
612 304 863 366 praecipis.
926 303 1066 352 Celer
1089 312 1200 352 tuus
1227 306 1430 352 disertus
1455 303 1610 366 magis
1633 310 1706 351 est
1729 317 1876 366 quam

299 388 506 449 sapiens.
577 386 654 434 De
686 387 939 434 iuvenibus
965 402 1090 449 quae
1123 403 1182 435 ex
1217 387 1379 435 Tullia
1412 386 1584 434 audisti
1614 401 1726 433 vera
1750 395 1875 434 sunt.

299 472 329 525 †
348 468 548 516 Maeoni
572 468 713 526 istud,
731 468 864 530 quod
892 469 1074 527 scribis,
1091 483 1193 516 non
1218 468 1335 516 mihi
1361 468 1544 515 videtur
1567 476 1668 516 tam
1693 483 1743 515 re
1768 482 1876 515 esse

298 551 429 598 triste
470 565 617 612 quam
656 550 832 598 verbo:
868 550 989 598 haec
1032 558 1106 598 est
1147 552 1244 609 ἄλη,
1282 551 1332 598 in
1373 566 1470 613 qua
1515 564 1646 598 nunc
1695 564 1875 602 sumus,

299 632 467 680 mortis
492 632 640 680 instar
661 650 670 679 :
710 639 791 679 aut
815 632 945 680 enim
969 631 1086 679 mihi
1110 633 1255 680 libere
1282 633 1405 680 inter
1428 632 1583 679 malos
1607 634 1878 678 πολιτευτέον

299 713 386 761 fuit
422 722 502 761 aut
537 714 610 761 vel
646 713 916 776 periculose
953 728 1065 762 cum
1101 715 1245 762 bonis
1262 730 1274 774 ;
1313 721 1395 762 aut
1431 728 1523 762 nos
1558 713 1876 762 temeritatem

299 795 542 843 bonorum
590 810 848 857 sequamur
895 803 976 842 aut
1022 795 1274 843 audaciam
1333 795 1666 859 improborum
1722 796 1877 843 insec-

299 885 469 925 temur.
541 877 813 939 Utrumque
838 877 1162 939 periculosum
1186 885 1271 935 est,
1299 886 1347 925 at
1370 877 1480 935 hoc,
1506 878 1640 939 quod
1672 877 1876 939 agimus,

299 968 451 1022 turpe,
469 975 559 1006 nec
583 967 748 1006 tamen
773 966 942 1006 tutum.
1015 959 1182 1017 Istum,
1199 959 1282 1022 qui
1306 959 1455 1006 filium
1481 959 1792 1007 Brundisium
1816 959 1877 1006 de

299 1057 422 1105 pace
446 1040 706 1089 misit—de
739 1056 860 1103 pace
894 1040 1024 1088 idem
1062 1041 1234 1097 sentio,
1261 1041 1395 1103 quod
1429 1048 1493 1099 tu,
1521 1041 1878 1089 simulationem

300 1134 407 1171 esse
431 1131 661 1185 apertam,
677 1123 835 1185 parari
857 1130 1018 1171 autem
1035 1123 1214 1170 bellum
1235 1123 1551 1181 acerrime—,
1567 1139 1645 1170 me
1666 1123 1878 1185 legatum

299 1206 355 1253 iri
379 1219 482 1253 non
506 1205 723 1262 arbitror,
748 1206 883 1253 cuius
908 1205 1079 1263 adhuc,
1105 1213 1162 1252 ut·
1182 1206 1357 1267 optavi,
1383 1205 1567 1253 mentio
1591 1204 1716 1253 facta
1748 1205 1879 1253 nulla

301 1288 388 1336 sit:
425 1302 485 1335 eo
510 1288 670 1334 minus
694 1287 853 1335 habeo
878 1301 1078 1335 necesse
1110 1287 1318 1335 scribere
1352 1294 1433 1335 aut
1465 1288 1612 1335 etiam
1649 1289 1877 1350 cogitare,

303 1369 417 1432 quid
443 1370 535 1417 sim
559 1369 787 1428 facturus,
813 1370 853 1418 si
878 1370 1117 1428 acciderit,
1142 1377 1194 1417 ut
1218 1370 1360 1432 leger.

590 1503 669 1550 69.
739 1501 834 1549 AD
871 1500 1294 1549 FAMILIARES
1332 1501 1472 1549 VIII.
1519 1502 1594 1550 16.

666 1596 771 1646 SCR.
814 1612 971 1645 MENSE
1007 1598 1184 1644 APRILI
1220 1611 1359 1646 A.U.c.
1400 1608 1510 1658 705.

761 1697 961 1734 cAEmus
996 1699 1221 1733 CICERONI
1256 1699 1358 1733 SAL.

377 1799 416 1830 1.
453 1781 776 1831 Exmmuus
811 1780 904 1828 tuis
941 1780 1122 1838 litteris,
1160 1781 1337 1842 quibus
1379 1788 1427 1827 te
1468 1780 1586 1827 nihil
1620 1780 1712 1828 nisi
1747 1780 1877 1829 triste

302 1867 516 1930 cogitare
540 1863 794 1913 ostendisti
818 1877 978 1927 neque
1001 1862 1051 1910 id
1076 1863 1193 1925 quid
1218 1870 1345 1911 esset
1369 1863 1687 1925 perscripsisti
1719 1878 1876 1925 neque

302 1964 404 1997 non
438 1954 617 2004 tamen,
645 1945 786 2008 quale
822 1953 949 1993 esset
979 1945 1112 2007 quod
1147 1945 1400 2007 cogitares,
1426 1944 1668 2007 aperuisti,
1691 1944 1780 1991 has
1815 1945 1877 1993 ad

302 2039 349 2079 te
387 2030 495 2077 ilico
532 2029 709 2076 litteras
758 2027 939 2089 scripsi.
1009 2025 1102 2073 Per
1138 2026 1358 2074 fortunas
1406 2034 1527 2084 tuas,
1565 2025 1753 2085 Cicero,
1791 2042 1877 2089 per

301 2113 479 2160 liberos
517 2118 564 2158 te
605 2123 692 2157 oro
734 2115 781 2155 et
816 2109 1034 2165 obsecr0,
1072 2122 1133 2155 ne
1170 2106 1287 2170 quid
1321 2108 1512 2170 gravius
1548 2107 1608 2155 de
1644 2108 1794 2156 salute
1829 2116 1876 2156 et

303 2192 630 2241 incolumitate
663 2198 746 2237 tua
775 2189 1014 2237 consulas.
1088 2187 1219 2235 Nam
1251 2188 1369 2236 deos
1402 2188 1721 2251 hominesque
1757 2190 1875 2236 ami-

303 2275 561 2337 citiamque
607 2279 825 2319 nostram
863 2270 1091 2317 testificor
1131 2285 1210 2317 me
1251 2269 1335 2317 tibi
1382 2270 1677 2332 praedixisse
1719 2285 1876 2333 neque

305 2366 483 2405 temere
525 2354 788 2410 monuisse,
831 2352 917 2400 sed
958 2359 1216 2413 postquam
1261 2350 1521 2399 Caesarem
1570 2352 1877 2398 convenerim

304 2437 689 2499 sententiamque
737 2435 854 2491 eius,
904 2433 1057 2495 qualis
1104 2432 1263 2479 futura
1311 2440 1436 2480 esset
1484 2440 1621 2494 parta
1666 2432 1876 2488 victoria,

305 2517 633 2580 cognoverim,
670 2525 717 2563 te
754 2515 1007 2563 certiorem
1045 2513 1229 2561 fecisse.
1304 2512 1353 2560 Si
1392 2513 1637 2561 existimas
1673 2513 1877 2560 eandem

305 2601 543 2647 rationem
569 2598 672 2646 fore
702 2596 922 2645 Caesaris
956 2597 1006 2642 in
1038 2595 1334 2643 dimittendis
1368 2595 1648 2642 adversariis
1680 2602 1728 2641 et
1761 2609 1878 2642 con-

306 2670 578 2728 dicionibus
622 2678 845 2736 ferendis,
886 2692 1041 2725 erras:
1093 2674 1217 2739 ‘nihil
1266 2676 1357 2723 nisi
1405 2681 1541 2723 atrox
1589 2682 1636 2722 et
1684 2690 1879 2722 saevum

307 2760 489 2825 cogitat
532 2771 676 2824 atque
723 2760 867 2808 etiam
905 2759 1139 2824 loquitur:
1194 2758 1339 2805 iratus
1380 2756 1564 2806 senatui
1607 2756 1720 2805 exiit
1737 2773 1750 2817 3
1804 2756 1878 2808 his
