2040 3048
170 121 354 175 ‘Ep-133,
375 108 494 178 134]
530 119 717 160 EPIST.
747 118 829 158 AD
854 118 1224 159 FAMILIARES
1249 121 1354 160 XII.
1383 108 1434 166 6,
1654 108 1751 160 261

176 246 419 295 voluntate
462 244 769 309 percrebruit,
812 260 1044 307 magnam
1087 260 1138 294 es
1184 244 1380 292 laudem
1429 250 1722 292 consecutus
1742 258 1755 302 ;

175 328 335 391 itaque
361 328 401 376 si
425 326 676 376 consulem
710 325 901 374 Romae
931 327 1282 386 habuissemus,
1310 326 1605 375 declaratum
1630 333 1758 373 esset

176 411 238 458 ab
271 418 441 458 senatu
466 424 578 458 cum
603 408 696 457 tuis
721 409 913 471 magnis
951 409 1232 467 honoribus,
1259 424 1407 473 quam
1443 417 1608 471 gratus
1633 416 1759 456 esset

177 499 377 540 conatus
425 499 473 540 et
518 498 778 555 apparatus
826 499 968 539 tuus:
1017 492 1153 539 cuius
1202 491 1270 540 rei
1316 506 1417 539 non
1458 491 1610 539 modo
1657 505 1758 538 non

176 574 416 638 praeteriit
453 581 658 637 tempus,
696 572 782 621 sed
824 588 885 621 ne
925 582 1168 621 maturum
1210 574 1409 636 quidem
1445 573 1589 620 etiam
1627 587 1758 619 nunc

177 672 288 705 meo
331 656 528 719 quidem
571 655 748 703 iudicio
791 654 906 714 fuit3
956 655 997 702 is
1034 656 1165 702 enirn
1202 655 1411 718 denique
1447 655 1607 703 honos
1642 654 1759 701 mihi

176 739 323 787 videri
363 739 496 797 solet,
537 737 619 801 qui
655 752 759 785 non
795 746 991 800 propter
1029 753 1168 800 spem
1206 738 1350 785 futuri
1398 737 1635 795 beneficii,
1672 736 1759 785 sed

175 828 372 884 propter
394 835 575 883 magna
610 820 781 867 merita
813 820 951 868 claris
983 821 1092 868 viris
1127 820 1336 869 defertur
1368 817 1438 886 [et
1463 816 1640 885 datur].
1717 834 1758 866 2.

177 902 291 962 Qua
314 918 380 962 re,
406 903 467 951 sit
491 902 642 951 modo
667 902 826 966 aliqua
858 917 934 950 res
960 902 1168 966 publica,
1193 902 1243 949 in
1268 917 1364 965 qua
1388 902 1548 949 honos
1573 901 1759 949 elucere

175 985 345 1048 possit,
371 985 614 1043 omnibus,
639 984 757 1032 mihi
790 985 946 1042 crede,
972 985 1283 1047 amplissimis
1311 984 1577 1032 honoribus
1608 984 1759 1032 abun-

177 1063 342 1122 dabis;
392 1064 433 1111 is
476 1071 653 1122 autem,
690 1064 772 1127 qui
815 1079 924 1112 vere
961 1063 1194 1126 appellari
1240 1070 1402 1126 potest
1449 1063 1621 1122 honos,
1660 1077 1761 1111 non

175 1146 544 1194 invitamentum
577 1145 638 1193 ad
672 1154 878 1208 tempus,
906 1145 992 1194 sed
1029 1154 1293 1208 perpetuae
1318 1145 1501 1193 virtutis
1528 1153 1602 1192 est
1624 1161 1761 1208 prae-

177 1227 341 1275 mium.
413 1226 578 1286 Quam
612 1229 677 1276 ob
709 1243 826 1286 rem,
853 1228 920 1275 mi
957 1227 1151 1285 Plance,
1177 1228 1406 1275 incumbe
1441 1235 1543 1275 toto
1567 1236 1762 1290 pectore

178 1309 241 1358 ad
275 1309 484 1368 laudem,
521 1309 721 1357 subveni
769 1310 965 1372 patriae,
1002 1309 1239 1372 opitulare
1276 1308 1507 1371 collegae,
1544 1309 1762 1356 omnium

177 1393 394 1455 gentium
410 1406 703 1439 consensum
721 1400 767 1439 et
791 1391 1124 1439 incredibilem
1149 1391 1559 1453 conspirationem
1576 1391 1758 1439 adiuva.

177 1475 262 1523 Me
309 1482 503 1522 tuorum
539 1474 852 1522 consiliorum
889 1474 1172 1532 adiutorem,
1218 1473 1463 1536 dignitatis
1511 1473 1759 1532 fautorem,

177 1558 405 1607 omnibus
439 1557 488 1604 in
518 1558 662 1604 rebus
696 1557 782 1603 tibi
816 1557 1165 1604 amicissimum
1190 1556 1619 1618 fidelissimumque
1645 1571 1761 1617 cog-

177 1655 381 1699 nosces;
435 1639 499 1687 ad
541 1654 623 1686 eas
665 1639 796 1686 enim
839 1654 1023 1696 causas,
1063 1639 1238 1700 quibus
1284 1638 1411 1686 inter
1457 1652 1549 1685 nos
1597 1653 1763 1686 amore

179 1737 360 1780 sumus,
377 1721 562 1780 officiis,
587 1729 820 1770 vetustate
847 1722 1110 1780 coniuncti,
1136 1721 1318 1784 patriae
1343 1720 1516 1768 caritas
1544 1721 1761 1778 accessit,

178 1819 332 1867 eaque
356 1804 515 1852 effecit
537 1812 590 1852 ut
614 1813 746 1852 tuam
770 1804 915 1851 vitam
941 1803 1229 1851 anteferrem
1254 1818 1407 1850 meae.
1455 1818 1524 1850 111.
1551 1801 1614 1849 K.
1642 1803 1759 1864 Apr.

489 1939 598 1984 134.
669 1934 764 1982 AD
799 1934 1226 1983 FAMILIARES
1265 1935 1381 1983 XII.
1421 1937 1465 1983 6.

433 2030 542 2080 SCR.
584 2031 765 2080 ROMAE
801 2046 958 2079 MENSE
994 2033 1173 2079 APR1L1
1210 2046 1348 2080 A.U.c.
1390 2043 1502 2092 711.

718 2135 890 2169 CICERO
925 2136 1084 2170 CAssro
1119 2136 1221 2169 SAL.

255 2236 294 2269 1.
331 2219 434 2279 Qm
469 2226 619 2267 status
652 2233 811 2265 rerum
843 2218 982 2266 fuerit
1015 2227 1133 2277 tum,
1161 2234 1270 2266 cum
1307 2218 1394 2267 has
1423 2219 1602 2267 litteras
1637 2219 1762 2278 dedi,

181 2303 300 2351 scire
324 2301 503 2363 poteris
528 2316 587 2348 ex
612 2298 668 2347 C.
694 2299 826 2347 Titio
854 2299 1105 2357 Strabone,
1130 2300 1232 2347 viro
1261 2300 1397 2348 bono
1423 2309 1469 2347 et
1495 2301 1678 2362 optime
1703 2302 1763 2349 de

180 2398 230 2430 re
267 2382 459 2445 publica
495 2382 727 2429 sentiente
747 2397 760 2440 ;
799 2396 912 2427 nam
946 2381 1063 2444 quid
1101 2380 1259 2429 dicam
1289 2381 1631 2444 ‘cupidissimo
1665 2381 1763 2441 tui,’

181 2465 264 2528 qui
288 2464 438 2512 domo
471 2471 518 2511 et
553 2462 755 2511 fortunis
788 2462 960 2510 relictis
996 2462 1058 2510 ad
1087 2470 1133 2510 te
1171 2463 1478 2525 potissimum
1515 2463 1762 2526 profectus

183 2546 274 2596 sit?
324 2546 494 2609 Itaque
537 2561 648 2593 eum
687 2546 771 2593 tibi
809 2561 870 2592 ne
914 2545 1211 2592 commendo
1253 2544 1482 2607 quidem;
1529 2545 1763 2595 adventus

184 2630 334 2695 ipsius
371 2629 433 2676 ad
470 2637 516 2676 te
553 2629 667 2676 satis
704 2643 813 2675 eum
852 2626 1227 2675 commendabit.
1304 2643 1345 2674 2.
1385 2626 1465 2674 Tu
1504 2627 1643 2675 velim
1692 2630 1762 2677 sic

186 2708 429 2755 existimes
464 2711 642 2773 tibique
680 2710 984 2773 persuadeaS‚
1020 2725 1168 2758 omne
1204 2709 1480 2773 perfugium
1516 2709 1760 2759 bonorum

187 2790 234 2837 in
259 2798 302 2837 te
331 2799 376 2836 et
406 2787 558 2837 Bruto
593 2804 699 2838 esse
732 2792 955 2853 positum,
985 2791 1039 2850 si,
1067 2791 1200 2854 quod
1234 2791 1399 2852 nolim,
1424 2791 1610 2840 adversi
1647 2793 1762 2856 quid
