2040 3048
640 153 934 194 NOMINUM
966 151 1269 192 PROPRIOR
1280 151 1375 195 UM.
1739 154 1805 208 29
1809 154 1842 208 5

226 294 351 338 gestas
384 299 422 325 se
461 286 602 325 laudari
637 285 731 335 vult,
763 297 800 337 4,
834 295 881 335 53
913 285 971 335 Q

231 341 408 380 Metellus
438 342 568 391 Nepos
587 341 760 379 inimicus
789 340 837 386 ei,
861 347 964 392 7-9;

229 397 388 434 domum
436 397 542 441 emit,
594 405 657 443 12,
711 407 786 447 193
840 395 878 432 in
923 395 965 432 P.

229 450 409 488 Clodium
442 450 703 489 testimonium
744 449 836 488 dicit
865 449 963 498 apud

229 505 384 550 iudices,
438 512 511 556 173
569 505 647 544 eius
694 517 779 543 cum
829 505 963 542 eodem

231 559 440 604 altercatio,
493 569 565 612 19:
612 560 690 598 eius
742 559 789 596 de
842 558 964 608 primo

230 615 399 652 Caesaris
434 614 632 653 consulatu
664 613 863 657 sententia,
888 611 964 651 26-

231 678 280 719 32
303 681 313 716 ;
343 681 364 707 a
381 669 542 707 Caesare
560 669 741 707 invitatur
758 675 799 704 ut
820 668 963 719 legatus

230 723 263 760 ei
284 724 345 768 sit,
364 734 412 772 32
430 736 439 767 ;
470 724 511 763 P.
527 723 680 761 Clodius
701 723 734 761 ei
756 722 964 767 minitatur,

232 779 299 822 ib.;
331 777 365 816 ei
394 777 596 827 Pompeius
616 777 745 815 omnia
766 777 963 826 pollicetur

231 842 270 870 et
290 832 439 876 Caesar,
454 843 506 882 43
523 845 533 877 ;
564 832 612 869 ad
633 832 857 881 eratrem
875 832 963 869 scri-

230 887 286 925 bit
308 887 354 924 de
379 886 709 925 administratione
737 887 963 935 provinciae,

233 939 354 992 36-42
373 954 384 990 ;
413 941 452 979 in
472 941 644 979 exsilium
673 941 703 979 it
730 952 850 981 A.u.c.
873 939 965 993 696,

231 1006 364 1047 43-52
383 1009 393 1042 3
423 1007 542 1036 A.u.0.
563 994 642 1047 697
664 996 835 1035 Romam
856 997 965 1040 redit,

231 1061 310 1100 53;
368 1051 553 1100 Pompeio
605 1051 658 1088 rei
695 1051 965 1089 frumentariae

231 1106 467 1144 curationem
506 1105 687 1150 decernit,
727 1116 802 1156 553
846 1116 965 1144 A.u.c.

231 1158 310 1209 698
332 1161 370 1198 in
391 1167 525 1198 senatu
546 1160 715 1198 decernit
731 1167 773 1198 ut
794 1160 966 1198 reductio

231 1215 329 1265 regis
348 1214 591 1253 Alexandrini
612 1214 652 1254 P.
673 1215 836 1252 Lentulo
865 1227 967 1252 com-

231 1270 416 1315 mittatur,
457 1268 604 1321 56-59,
661 1282 720 1318 cp.
756 1267 832 1314 66;
875 1270 966 1307 dicit

231 1337 299 1372 pro
348 1324 393 1362 L.
431 1324 571 1373 Bestia,
611 1321 689 1368 62;
740 1331 778 1362 et
818 1337 886 1373 pro
923 1325 965 1362 P.

232 1379 365 1423 Sestio,
386 1376 463 1428 63;
494 1386 536 1416 ut
565 1379 612 1416 de
643 1390 734 1430 agro
767 1379 966 1428 Campano

230 1433 413 1471 referatur
442 1440 582 1478 censet,
615 1431 690 1482 763
729 1445 817 1470 curn
852 1434 966 1470 Pom·-

230 1488 319 1537 peio
346 1494 384 1524 et
416 1487 578 1524 Caesare
603 1487 700 1524 redit
730 1486 767 1524 in
789 1486 963 1538 gratiam,

234 1548 389 1593 77—793
419 1539 635 1590 παλινῳδία
654 1541 745 1587 eius,
767 1539 846 1592 64;
877 1554 967 1579 con-

230 1597 310 1635 silia
344 1609 409 1634 sua
440 1595 572 1644 litter-is
606 1596 654 1633 ad
688 1596 731 1636 P.
761 1596 966 1634 Lentulum

230 1651 374 1698 scriptis
403 1650 585 1695 vindieat,
618 1650 749 1699 74-87
766 1663 777 1695 3
808 1649 853 1688 C.
873 1649 968 1688 Tre-

230 1705 378 1744 batium
412 1704 564 1743 Caesari
598 1705 856 1750 commendat,
894 1711 968 1755 703

233 1760 279 1797 C.
327 1759 508 1797 Messium
557 1759 739 1804 defendit,
791 1766 863 1809 733
921 1759 967 1798 C.

233 1813 391 1852 Curioni
457 1814 647 1852 Milonem
708 1815 967 1859 commendat,

233 1869 469 1907 consularem
503 1868 762 1914 candidatum,
807 1868 967 1920 88-90;

233 1924 314 1962 eius
334 1924 406 1962 iter
426 1935 492 1973 per
513 1924 715 1961 Graeciam
735 1934 853 1962 A.u.c.
878 1931 967 1972 703,

234 1988 396 2030 90-923
463 1978 747 2026 proconsulatus
800 1977 964 2026 Ciliciae,

234 2042 423 2083 92-120;
453 2032 595 2070 reditus
617 2033 655 2070 in
675 2032 841 2078 Italiam,
866 2042 966 2077 120;

233 2095 357 2136 sperat
421 2086 671 2136 triumphum,
746 2097 862 2137 114-
879 2085 968 2132 116,

236 2150 327 2194 119,
370 2150 473 2186 1215
528 2141 740 2180 sententiae
786 2142 865 2180 eius
913 2141 966 2180 in-

233 2203 358 2235 stante
387 2196 488 2235 bello
520 2195 635 2244 civili,
662 2206 874 2244 122-1253
904 2197 966 2234 diu

233 2251 381 2289 dubitat
410 2263 460 2288 an
488 2263 528 2289 se
556 2263 644 2289 curn
673 2251 858 2299 Pompeio
877 2262 967 2289 con-

235 2305 381 2356 iungat,
415 2302 626 2350 126-166;
667 2305 746 2342 eius
775 2306 821 2342 ad
853 2306 967 2343 Pom·

232 2359 361 2410 peium
380 2358 540 2404 litterae,
565 2369 666 2410 1303
697 2367 737 2397 et
765 2361 812 2398 ad
831 2360 969 2399 Caesa-

233 2426 327 2458 rem,
352 2411 452 2462 156;
481 2425 568 2452 curn
598 2414 760 2452 Caesare
787 2414 968 2464 colloqui-

234 2477 309 2516 tur,
355 2477 450 2519 159;
503 2480 641 2506 navem
671 2470 889 2507 conscendit
927 2469 966 2506 in

234 2524 389 2572 Epirum
436 2522 566 2569 iturus,
612 2529 712 2571 1733
768 2523 806 2560 in
838 2525 967 2562 castris

234 2576 405 2626 Pompeii
421 2589 442 2614 a
460 2576 518 2616 M.
536 2576 666 2615 Caelio
690 2584 728 2615 et
748 2590 768 2614 a
789 2578 832 2615 P.
852 2579 969 2616 Dola·

236 2631 332 2671 bella
350 2631 493 2670 litteras
507 2631 657 2680 accipit,
676 2629 864 2682 174-176
884 2645 894 2680 ;
914 2633 966 2670 ibi

235 2685 498 2725 sollicitudine
508 2685 719 2731 conficitur,
743 2692 846 2737 1773
877 2688 967 2738 quid

236 2740 462 2789 Pompeiani
472 2740 606 2779 facturi
614 2747 736 2779 essent
748 2741 778 2779 si
794 2741 966 2781 vicissent

235 2794 405 2843 exponit,
483 2801 572 2845 179,
629 2804 751 2846 19o;·
795 2796 967 2847 Pompeii

235 2848 388 2888 consilia
429 2849 680 2900 reprehendit,
723 2849 816 2903 189,
863 2861 966 2903 197;

1110 285 1146 323 in
1182 284 1333 322 Italiam
1369 284 1487 322 redux
1520 283 1703 322 Brundisii
1736 295 1840 321 com·

1108 346 1290 385 moratur,
1330 336 1537 389 178-186;
1566 338 1646 377 eius
1676 339 1723 377 de
1754 338 1838 376 belli

1107 394 1274 433 Africani
1313 400 1450 432 eventu
1490 392 1715 438 sollicitudo,
1750 391 1836 442 184,

1112 447 1213 499 1873
1249 448 1400 488 Caesari
1449 460 1518 497 pro
1559 447 1616 486 M.
1654 447 1840 485 Marcello

1105 504 1244 557 gratias
1277 504 1368 554 agit,
1408 514 1504 555 ¹94³
1536 502 1739 541 Caesarem
1763 502 1841 539 lau-

1105 559 1184 603 dat,
1223 568 1314 610 195,
1360 563 1573 610 197-199;
1617 557 1652 595 ei
1687 556 1842 607 Apollo-

1106 612 1213 651 nium
1270 612 1530 657 commendat,
1590 619 1695 662 207;
1764 611 1840 651 Ser.

1105 667 1268 716 Sulpicio
1288 668 1336 706 de
1352 674 1474 705 morte
1491 666 1640 705 Tulliae
1659 666 1841 710 rescribit,

1109 731 1320 770 Ωιι-2133
1368 722 1475 760 ludos
1514 721 1684 760 Caesaris
1720 731 1841 761 A.U.c.

1108 783 1184 827 709
1205 783 1363 825 spectat,
1396 775 1499 821 2183
1529 776 1728 815 Caesarem
1755 774 1844 813 hos·

1105 831 1201 880 pitio
1225 830 1391 869 Puteolis
1421 831 1570 880 accipit,
1604 830 1708 876 2183
1740 831 1842 868 venit

1107 886 1154 923 ad
1175 885 1378 924 Caesarem
1415 885 1520 924 Sestii
1553 893 1703 937 rogatu,
1738 894 1841 929 2213

1106 947 1192 991 post
1239 940 1409 979 Caesaris
1466 947 1631 978 mortem
1680 940 1841 977 devertit

1108 996 1206 1045 apud
1237 995 1281 1034 C.
1310 995 1490 1041 Matium,
1523 1004 1627 1040 2203
1661 994 1842 1033 Octavius

1106 1049 1380 1099 perhonorifice
1415 1062 1502 1088 cum
1534 1063 1581 1088 eo
1614 1050 1707 1102 agit,
1738 1059 1843 1099 223;

1109 1105 1167 1142 M.
1201 1105 1371 1143 Antonio
1410 1104 1495 1144 Sex.
1532 1104 1655 1142 Clodii
1695 1105 1843 1141 restitu-

1107 1160 1252 1197 tionem
1274 1158 1462 1208 concedit,
1487 1168 1590 1209 225:
1621 1158 1843 1197 Dolabellae

1106 1214 1315 1266 gratulatur
1348 1214 1450 1264 quod
1475 1214 1512 1251 in
1535 1214 1735 1252 seditiosos
1763 1213 1845 1251 ani-

1106 1268 1366 1315 madverterit,
1419 1266 1522 1313 2263
1585 1268 1663 1306 eius
1718 1268 1843 1306 ‘Cato

1107 1322 1256 1368 maior,’
1277 1332 1366 1371 230,
1400 1320 1502 1373 2463
1533 1323 1582 1361 ad
1612 1323 1657 1363 C.
1675 1323 1841 1360 Matium

1106 1378 1248 1416 litteras
1268 1378 1400 1423 mittit,
1426 1387 1524 1426 23o;
1556 1390 1577 1415 a
1607 1378 1843 1427 Leucopetra

1108 1432 1307 1470 Graeciam
1360 1444 1485 1470 versus
1527 1431 1698 1483 navigat,
1742 1431 1842 1481 2383

1107 1495 1236 1524 austro
1265 1486 1442 1534 reficitur,
1479 1486 1555 1530 ib.;
1591 1486 1721 1524 Veliae
1756 1498 1843 1524 cum

1108 1541 1167 1581 M.
1202 1542 1322 1579 Bruto
1356 1541 1599 1590 colloquitur,
1634 1552 1734 1593 2393
1766 1541 1844 1578 Ro-

1107 1607 1213 1634 mam
1232 1608 1401 1634 reversus
1428 1595 1679 1646 Philippicam
1706 1597 1846 1633 oratio-

1109 1662 1198 1688 nem
1226 1651 1391 1700 primam
1411 1650 1540 1696 habet,
1573 1660 1674 1701 2413
1706 1650 1845 1700 Philip·

1108 1705 1233 1754 picam
1281 1705 1484 1743 secundam
1532 1706 1666 1743 Attico
1712 1706 1846 1750 mittit,

1112 1769 1215 1810 245;
1244 1759 1382 1797 librum
1412 1764 1422 1781 ‘
1440 1760 1485 1798 de
1505 1759 1675 1798 Officiis'
1705 1760 1845 1806 scribit,

1111 1812 1213 1864 246;
1257 1814 1323 1852 xiii
1371 1813 1458 1854 Kal.
1507 1815 1587 1854 Ian.
1626 1816 1664 1853 in
1711 1822 1844 1853 senatu

1109 1869 1223 1906 verba
1258 1869 1362 1914 facit,
1397 1878 1487 1920 249,
1530 1878 1631 1919 2523
1678 1870 1727 1908 ad
1764 1882 1844 1908 rem

1108 1924 1297 1972 publicam
1349 1924 1626 1962 defendendam
1674 1924 1845 1963 hortatur

1110 1978 1168 2017 M.
1191 1978 1401 2016 Aemilium
1431 1978 1630 2027 Lepidum,
1656 1986 1757 2029 2573
1794 1980 1843 2019 C.

1110 2033 1283 2071 Cassium
1331 2033 1565 2086 Longinum,
1615 2043 1704 2083 241,
1753 2043 1843 2084 251,

1113 2097 1204 2137 253,
1229 2086 1320 2132 261,
1355 2088 1415 2137 Q
1452 2087 1712 2134 Cornificium,
1739 2099 1843 2139 2493

1110 2142 1158 2182 D.
1198 2142 1349 2180 Iunium
1388 2143 1562 2187 Brutum,
1606 2142 1697 2189 248,
1739 2154 1843 2192 250;

1109 2197 1152 2235 L.
1173 2197 1395 2235 Munatium
1425 2197 1619 2242 Plancum,
1638 2195 1727 2247 256,
1754 2197 1844 2242 260,

1112 2258 1184 2301 271
1206 2265 1216 2297 ;
1248 2252 1326 2290 eius
1347 2252 1441 2290 liber
1461 2257 1471 2273 ⁴
1485 2252 1532 2290 de
1553 2252 1742 2297 Oratore,’
1763 2250 1841 2298 86;

1110 2314 1251 2351 orator,
1285 2316 1387 2358 291;
1416 2306 1462 2344 de
1491 2308 1728 2356 temporibus
1757 2308 1842 2353 suis,

1054 2415 1212 2461 Tullius,
1228 2415 1286 2455 M.
1297 2415 1443 2461 Cicero,
1457 2416 1717 2466 praecedentis
1733 2417 1842 2463 filius,

1110 2482 1143 2520 3,
1168 2481 1259 2518 205.

1053 2547 1106 2556 -
1127 2526 1186 2574 Q
1199 2525 1347 2570 Cicero,
1368 2525 1528 2563 oratoris
1559 2525 1684 2572 frater,
1710 2526 1842 2565 Asiam

1107 2593 1178 2630 pro
1218 2586 1393 2628 praetore
1431 2580 1541 2632 regit,
1585 2582 1648 2626 28,
1679 2579 1812 2632 36—42
1830 2597 1842 2628 3

1106 2647 1174 2685 pro
1214 2635 1327 2672 fratre
1374 2634 1514 2685 aliquid
1552 2635 1623 2674 Cn.
1657 2637 1842 2685 Pompeio

1106 2690 1328 2739 despondet,
1363 2695 1439 2740 773
1487 2690 1525 2727 in
1563 2690 1773 2729 Sardiniam
1813 2692 1841 2730 it

1106 2744 1277 2793 Pompeii
1318 2744 1473 2797 legatus,
1513 2742 1579 2790 62,
1613 2752 1688 2795 77;
1729 2753 1767 2784 et
1805 2747 1841 2784 in

1104 2799 1271 2838 Galliam
1306 2811 1394 2837 cum
1434 2800 1608 2845 Caesare,
1639 2799 1714 2850 85;
1754 2813 1841 2839 curn

1105 2853 1220 2893 fratre
1233 2854 1376 2906 legatus
1396 2854 1433 2892 in
1447 2854 1618 2893 Ciliciam
1636 2855 1840 2905 proficisci-
