2040 3048
145 139 215 190 Ep.
242 125 335 197 36·]
509 137 696 179 Emer.
736 138 820 179 AD
854 139 1131 181 ArrzcvM
1170 143 1217 182 V.
1260 144 1344 183 21.
1624 144 1719 197 107

142 265 192 312 in
234 273 449 313 mentem
490 265 873 315 faeneratoribus
913 267 1029 315 nihil
1071 283 1123 316 se
1165 268 1326 316 iuvare
1367 267 1482 315 illud
1529 275 1724 315 senatus

142 347 432 404 consultum,
469 346 602 409 quod
639 362 698 394 ex
737 348 1014 411 syngrapha
1048 349 1122 398 ius
1159 350 1253 397 dici
1288 349 1363 397 lex
1402 348 1611 398 Gabinia
1646 365 1723 396 ve-

144 435 276 475 taret.
348 426 481 474 Tum
516 427 570 475 fit
604 435 802 476 senatus
836 429 1126 489 consultum,
1151 445 1215 478 VT
1250 445 1312 478 Ex
1344 445 1408 478 EA
1443 445 1722 478 SYNGRAPHA

142 509 169 538 *
198 509 225 539 *
254 509 282 539 *
326 517 453 558 esset
499 525 647 573 quam
688 518 890 569 ceterae,
935 512 1020 559 sed
1067 520 1121 560 ut
1167 512 1357 561 eodem.
1430 511 1556 560 Cum
1604 512 1724 560 haec

146 591 495 650 disseruissem,
535 591 720 640 seducit
759 607 840 641 me
882 593 1136 656 Scaptius;
1189 595 1254 642 ait
1301 609 1353 642 se
1395 593 1513 641 nihil
1555 600 1724 641 contra

142 673 319 732 dicere,
345 673 431 722 sed
463 673 568 722 illos
605 682 774 737 putare
807 675 988 724 talenta
1019 692 1088 726 cc.
1116 692 1166 724 se
1201 677 1377 724 debere
1392 691 1406 735 3
1445 692 1503 724 ea
1527 690 1579 723 se
1603 675 1723 722 velle

140 755 373 818 accipere,
404 756 581 803 debere
617 764 779 804 autem
816 757 922 805 illos
958 758 1103 820 paulo
1141 759 1332 818 minus;
1370 765 1520 820 rogat,
1551 765 1604 804 ut
1639 771 1723 803 eos

139 838 203 885 ad
228 838 437 885 ducenta
460 838 737 901 perducam.
806 844 817 865 ⁴
835 838 1059 903 Optime'
1086 841 1300 903 inquam.
1361 839 1505 888 Voco
1530 839 1637 886 illos
1662 837 1723 885 ad

139 934 233 977 me,
257 927 448 967 remoto
483 919 694 982 Scaptio,
769 924 781 946 ‘
798 920 930 980 Quid
955 923 1078 971 vos?
1108 922 1364 985 quantum'
1384 922 1584 986 inquam
1612 927 1622 944 ‘
1640 921 1724 969 de-

139 1002 262 1049 betis
279 1001 317 1049 ?'
379 1000 704 1065 Respondent
728 1003 862 1052 ‘cvr’
925 1003 1106 1052 Refero
1132 1005 1194 1052 ad
1220 1004 1482 1067 Scaptium.
1552 1003 1723 1051 Homo

140 1083 360 1131 clamare.
449 1082 611 1142 ‘Quid
659 1099 785 1147 opus
833 1084 926 1133 est’
968 1086 1167 1149 inquam
1208 1090 1382 1149 ‘quam
1421 1091 1475 1133 ut
1510 1087 1722 1134 rationes

142 1162 454 1214 conferatis?'
526 1165 788 1226 Adsidunt,
829 1168 1132 1228 subducunt3
1192 1169 1260 1216 ad
1300 1184 1555 1217 nummum
1605 1183 1721 1216 con-

140 1249 281 1296 venit.
370 1248 444 1295 Illi
504 1263 556 1296 se
615 1263 870 1298 numerare
930 1251 1062 1310 velle,
1116 1266 1303 1314 urgere,
1358 1258 1411 1298 ut
1469 1251 1719 1313 acciperet.

142 1329 364 1392 Scaptius
387 1346 467 1378 me
500 1345 663 1379 rursus
699 1332 899 1390 seducit,
924 1340 1080 1394 rogat,
1102 1341 1156 1380 ut
1191 1348 1293 1380 rem
1332 1333 1402 1380 sic
1437 1333 1721 1396 relinquam.

139 1411 267 1460 Dedi
291 1413 482 1460 veniam
505 1412 691 1460 homini
717 1414 1023 1475 impudenter
1047 1415 1258 1476 petenti3
1292 1413 1493 1463 Graecis
1519 1430 1720 1477 queren-

139 1495 280 1554 tibus,
306 1503 359 1543 ut
390 1495 441 1542 in
476 1494 591 1542 fano
625 1495 927 1558 deponerent
961 1497 1333 1560 postulantibus,
1359 1512 1462 1545 non
1488 1497 1722 1545 concessi.

141 1575 364 1624 Clamare
408 1590 580 1624 omnes
619 1577 701 1639 qui
738 1577 952 1637 aderant,
986 1578 1105 1625 nihil
1142 1578 1472 1641 impudentius
1512 1577 1723 1641 Scaptio,

140 1659 221 1722 qui
269 1659 544 1707 centesimis
593 1674 705 1706 cum
758 1660 1062 1708 anatocismo
1109 1667 1366 1708 contentus
1418 1675 1519 1708 non
1567 1668 1720 1718 esset;

140 1741 229 1800 alii,
268 1740 384 1787 nihil
426 1740 629 1789 stultius.
701 1739 824 1788 Mihi
866 1750 1028 1789 autem
1071 1741 1346 1805 impudensv
1377 1743 1533 1805 magis
1575 1758 1722 1805 quam

141 1823 311 1871 stultus
335 1822 613 1871 videbatur:
652 1838 767 1870 nam
803 1832 886 1871 aut
915 1825 1050 1872 bono
1081 1825 1280 1873 nomine
1306 1825 1583 1873 centesimis
1609 1840 1723 1873 con-

140 1914 299 1954 tentus
325 1913 427 1954 erat
458 1914 539 1953 aut
570 1921 670 1954 non
703 1906 837 1954 bono
869 1915 1127 1968 quaternas
1162 1908 1451 1955 centesimas
1484 1908 1721 1969 sperabat.

146 2003 217 2048 13.
259 1987 430 2036 Habes
471 2003 634 2035 meam
670 2002 880 2047 causam,
918 2003 1043 2051 quae
1078 1988 1119 2036 si
1155 1988 1307 2037 Bruto
1343 2004 1444 2037 non
1480 1990 1722 2051 probatur,

141 2070 322 2127 nescio,
361 2085 445 2118 cur
478 2070 611 2118 illum
650 2086 882 2130 amemus,
916 2071 1003 2119 sed
1037 2071 1275 2119 avunculo
1311 2072 1413 2119 eius
1448 2080 1575 2119 certe
1612 2087 1723 2134 pro-

140 2152 343 2211 babitur,
368 2153 647 2215 praesertim
679 2169 791 2201 cum
824 2162 1020 2201 senatus
1055 2153 1331 2201 consultum
1366 2153 1517 2201 modo
1541 2153 1721 2201 factum

139 2235 213 2293 sit,
239 2241 371 2296 put0,
397 2245 660 2299 postquam
694 2244 746 2284 tu
781 2251 834 2284 es
863 2235 1123 2299 profectus,
1151 2236 1200 2282 in
1232 2236 1525 2283 creditorum
1563 2252 1720 2294 causa,

140 2323 194 2364 ut
234 2318 526 2366 centesimae
568 2327 804 2382 perpetuo
852 2318 1049 2366 faenore
1097 2318 1412 2365 ducerentur:
1468 2317 1561 2365 hoc
1605 2319 1721 2380 quid

142 2399 337 2459 intersit,
385 2401 425 2448 si
472 2409 582 2450 tuos
631 2402 807 2464 digitos
856 2400 982 2458 novi,
1034 2407 1161 2447 certe
1209 2398 1359 2447 habes
1416 2399 1718 2447 subductum.

141 2479 200 2527 In
236 2496 334 2544 quo
367 2482 576 2545 quidem,
610 2485 710 2529 ὁδοῦ
745 2485 971 2544 πάρεργον,
1009 2479 1072 2527 L.
1108 2479 1345 2528 Lucceius
1387 2478 1459 2529 M.
1494 2480 1525 2530 f.
1565 2483 1721 2544 queri-

141 2570 215 2610 tur
257 2563 387 2625 apud
428 2579 507 2612 me
550 2580 636 2629 per
675 2566 852 2613 litteras
901 2578 1147 2612 summum
1189 2577 1295 2611 esse
1338 2562 1619 2625 periculum,
1660 2580 1721 2611 ne
1734 2562 1739 2564 ”

141 2644 284 2707 culpa
330 2654 524 2695 senatus
561 2647 635 2695 his
682 2645 886 2695 decretis
943 2661 1020 2694 res
1067 2645 1130 2693 ad
1178 2643 1364 2691 tabulas
1411 2659 1562 2692 novas
1616 2661 1722 2707 per-

142 2727 298 2774 veniat
312 2743 323 2785 ;
359 2737 724 2788 commemorat,
745 2729 860 2792 quid
886 2728 1001 2775 olim
1026 2727 1139 2774 mali
1166 2724 1220 2773 C.
1242 2725 1390 2773 Iulius
1414 2725 1591 2785 fecerit,
1612 2742 1722 2774 cum

141 2807 374 2856 dieculam
413 2810 626 2871 duxerit5
665 2826 933 2874 numquam
970 2811 1037 2857 rei
1074 2809 1294 2872 publicae
1331 2808 1453 2871 plus.
1527 2808 1622 2856 Sed
1659 2808 1722 2855 ad
