2040 3048
145 115 214 166 Ep.
239 101 331 172 45.]‘
505 111 690 151 EPIST.
732 111 814 150 AD
851 110 1126 152 ATTJCUM
1166 111 1265 151 VII.
1308 116 1357 168 9.
1624 111 1722 167 125

143 239 365 304 postulat.
435 237 566 286 Nam
590 236 706 301 quid
739 237 1102 300 impudentius?
1174 234 1395 283 Tenuisti
1426 234 1721 298 provinciam

143 338 229 385 per
253 322 423 370 decem
448 336 619 380 annos,
645 335 747 368 non
773 319 856 367 tibi
881 336 910 368 a
937 327 1122 378 senatu,
1150 318 1234 367 sed
1261 335 1289 367 a
1313 325 1359 365 te
1385 318 1491 380 ipso
1517 332 1604 379 per
1628 316 1723 363 vim

143 412 190 452 et
225 420 310 467 per
344 403 604 452 factionem
638 402 778 451 datos
796 419 808 462 ;
847 402 1088 465 praeteriit
1120 406 1313 464 tempus
1343 415 1445 448 non
1477 399 1612 462 legis,
1639 399 1725 447 sed

143 486 351 536 libidinis
376 494 500 544 tuae,
526 485 601 534 fac
626 492 805 544 tamen,
833 485 985 548 legis;
1022 492 1074 532 ut
1101 483 1397 541 succedatur,
1425 481 1696 531 decernitur
1711 496 1723 540 ;

143 569 349 632 impedis
391 577 438 618 et
474 569 543 618 ais
580 568 737 617 ‘habe
772 584 933 616 meam
969 567 1235 617 rationem!
1308 567 1453 615 Habe
1490 573 1722 614 nostrum.

143 652 421 701 Exercitum
450 659 501 699 tu
532 651 713 699 habeas
744 651 933 710 diutiuS,
969 666 1115 714 quam
1148 649 1359 712 populus
1392 648 1542 707 iussit,
1577 647 1727 695 invito

146 734 345 784 senatu?
405 734 689 797 ‘depugnes
725 741 930 796 oportet,
969 733 1059 781 nisi
1096 730 1360 780 concedis.'
1435 728 1562 778 Cum
1596 730 1728 776 bona

146 817 342 881 quidem
389 833 489 881 spe,
528 825 581 865 ut
627 818 692 865 ait
737 817 882 874 idem,
926 815 999 863 vel
1039 813 1263 863 vincendi
1304 813 1380 862 vel
1421 812 1471 860 in
1511 812 1728 860 libertate

146 900 398 950 moriendi.
467 899 573 948 Iam
606 900 645 948 si
681 899 1001 963 pugnandum
1027 908 1112 956 est,
1139 911 1238 960 quo
1262 904 1496 959 tempore,
1523 895 1572 943 in
1598 909 1728 952 casu,

147 997 246 1046 quo
283 981 498 1038 consilio,
536 981 585 1028 in
632 980 933 1043 temporibus
970 980 1114 1027 situm
1150 987 1223 1026 est
1242 994 1255 1038 ;
1303 979 1467 1041 itaque
1504 985 1550 1024 te
1585 975 1634 1023 in
1673 990 1730 1023 ea

149 1061 432 1126 quaestione
456 1075 559 1108 non
584 1073 804 1107 exerceo.
878 1058 958 1106 Ad
983 1073 1055 1117 ea,
1081 1073 1206 1121 quae
1234 1057 1346 1115 dixi,
1373 1055 1522 1114 adfer,
1546 1055 1587 1103 si
1613 1053 1731 1117 quid

149 1143 301 1193 habes
319 1159 332 1202 3
370 1141 596 1205 equidem
621 1142 723 1190 dies
748 1148 1015 1204 noctesque
1041 1148 1285 1203 torqueor.
