2040 3048
167 130 236 182 Ep.
255 117 389 186 3-5.]
516 126 706 167 EPIST.
742 126 822 166 AD
858 119 1228 167 FAMILIARES
1268 126 1317 166 ν.
1351 129 1391 166 1.
1708 127 1741 182 5

154 262 519 321 ‘missam'esse
567 260 781 319 arbitror,
821 259 952 323 quod
994 274 1205 307 vererere
1248 274 1309 306 ne
1353 258 1487 306 cuius
1530 257 1744 304 animum

166 343 452 391 offenderes.
533 341 629 390 Sed
668 342 789 390 scito
831 357 902 399 ea,
942 356 1066 404 quae
1107 356 1200 389 nos
1242 356 1331 404 pro
1374 340 1523 388 salute
1565 339 1743 401 patriae

165 424 415 486 gessimus,
442 423 570 472 orbis
602 431 753 471 terrae
787 423 965 471 iudicio
1003 438 1059 470 ac
1095 422 1373 471 testimonio
1411 419 1743 483 comprobari;

165 522 304 570 quae,
324 521 437 555 cum
462 506 663 564 veneris,
689 514 824 554 tanto
849 505 1053 554 consilio
1078 513 1305 568 tantaque
1331 504 1479 553 animi
1504 503 1743 566 magnitu-

166 588 278 636 dine
303 603 332 636 a
356 603 434 636 me
461 596 600 651 gesta
619 604 727 637 esse
747 602 1034 650 cognosces,
1050 597 1102 636 ut
1121 588 1202 635 tibi
1223 587 1375 635 multo
1395 587 1579 644 maiori,
1597 601 1744 648 quarn

165 669 424 719 Africanus
466 670 564 730 fuit,
603 687 682 720 me
726 685 827 718 non
869 670 1021 718 multo
1063 670 1302 718 minorem
1339 685 1487 732 quam
1526 668 1745 716 Laelium

164 751 301 801 facile
320 761 367 801 et
385 754 435 801 in
453 769 502 801 re
522 753 715 817 publica
735 763 781 801 et
800 754 851 800 in
877 753 1085 801 amicitia
1109 752 1390 800 adiunctum
1415 767 1520 800 esse
1547 751 1742 814 patiare.

540 890 584 933 4.
656 885 751 933 AD
787 883 1208 932 FAMILIARES
1247 883 1306 931 V.
1351 873 1402 932 1.

434 981 542 1030 SCR.
579 997 631 1030 IN
666 981 861 1030 GALLIA
898 997 1156 1031 crrERroRE
1191 995 1330 1030 A.U.C.
1372 982 1482 1042 692.

187 1085 232 1125 Q.
258 1084 515 1119 METELLUS
539 1085 583 1126 Q.
611 1086 652 1118 F.
679 1086 833 1120 CELER
858 1086 1046 1120 PRocos.
1075 1087 1109 1119 s.
1133 1087 1177 1119 D.
1200 1086 1249 1119 M.
1270 1085 1451 1119 TULLro
1475 1086 1711 1119 CICERONI.

241 1182 280 1214 1.
319 1166 371 1214 S1
407 1167 549 1226 vales,
583 1168 708 1215 bene
745 1175 831 1215 est.
902 1167 1242 1216 Existimaram
1282 1183 1371 1230 pro
1414 1175 1584 1214 mutuo
1623 1166 1745 1214 inter

165 1263 256 1296 nos
293 1248 457 1296 animo
503 1257 550 1296 et
587 1264 676 1311 pro
718 1250 1026 1298 reconciliata
1063 1250 1215 1313 gratia
1257 1265 1347 1297 nec
1387 1249 1638 1297 absentem
1680 1265 1746 1295 me

163 1331 369 1379 ludibrio
393 1331 577 1379 laesum
602 1331 656 1378 iri
682 1347 772 1379 nec
800 1330 1050 1380 Metellum
1075 1331 1269 1380 fratrem
1294 1332 1359 1379 ob
1386 1332 1569 1379 dictum
1589 1332 1745 1395 capite

165 1428 221 1461 ac
246 1412 449 1461 fortunis
473 1429 560 1476 per
585 1422 630 1461 te
655 1421 994 1476 oppugnatum
1019 1414 1072 1461 iri
1090 1430 1103 1474 ;
1142 1429 1290 1477 quem
1324 1414 1363 1461 si
1391 1429 1564 1476 parum
1588 1414 1746 1477 pudor

163 1495 312 1558 ipsius
337 1495 641 1554 defendebat,
662 1496 870 1543 debebat
888 1495 960 1543 vel
985 1495 1194 1544 familiae
1220 1504 1414 1544 nostrae
1440 1496 1648 1557 dignitas
1673 1497 1746 1544 vel

163 1593 326 1626 meum
354 1578 563 1626 studium
590 1594 706 1640 erga
730 1593 816 1626 vos
841 1594 1040 1642 remque
1065 1579 1311 1642 publicam
1337 1579 1451 1627 satis
1483 1579 1742 1627 sublevare.

163 1658 308 1707 Nunc
337 1659 478 1707 video
511 1660 644 1707 illum
678 1660 1072 1720 circumventum,
1105 1676 1184 1707 me
1219 1661 1477 1718 desertum,
1508 1675 1536 1707 a
1572 1661 1745 1723 quibus

162 1743 362 1790 minime
387 1743 720 1790 conveniebat.
795 1760 836 1791 2.
876 1744 1048 1807 Itaque
1073 1744 1124 1791 in
1148 1744 1279 1791 luctu
1303 1752 1350 1790 et
1376 1743 1597 1805 squalore
1623 1759 1745 1803 sum,

163 1827 245 1888 qui
282 1827 572 1889 provinciae,
608 1828 689 1890 qui
726 1829 954 1876 exercitui
991 1843 1231 1890 praesum,
1266 1828 1348 1891 qui
1384 1827 1564 1874 bellum
1600 1842 1744 1889 gero:

163 1924 287 1971 quae
343 1909 577 1971 quoniam
635 1925 727 1957 nec
782 1910 967 1958 ratione
1024 1926 1115 1958 nec
1170 1911 1410 1958 maiorum
1470 1918 1746 1957 nostrorum

165 1992 419 2040 clementia
444 1992 827 2051 administrastis,
854 2008 955 2041 non
980 1994 1068 2041 erit
1091 1994 1381 2051 mirandum,
1402 1993 1442 2041 si
1467 2007 1553 2040 vos
1578 1993 1746 2055 poeni-

163 2074 288 2121 tebit.
363 2073 439 2121 Te
476 2082 574 2122 tam
610 2075 776 2122 mobili
811 2075 861 2122 in
897 2091 976 2123 me
1011 2091 1246 2138 meosque
1289 2091 1396 2123 esse
1438 2075 1602 2122 animo
1645 2089 1746 2122 non

163 2156 446 2218 sperabam:
481 2171 560 2203 me
596 2156 777 2204 interea
812 2173 903 2204 nec
940 2157 1235 2206 domesticus
1272 2157 1411 2205 dolor
1452 2172 1544 2206 nec
1586 2157 1744 2204 cuius-

163 2253 311 2301 quam
335 2238 505 2286 iniuria
528 2239 590 2286 ab
614 2254 665 2286 re
690 2238 883 2301 publica
907 2240 1129 2288 abducet.

524 2387 569 2431 5.
642 2384 738 2431 AD
774 2384 1195 2433 FAMILIARES
1234 2385 1291 2432 V.
1337 2402 1380 2434 2.

629 2480 737 2529 SCR.
777 2481 959 2529 ROMAE
996 2497 1137 2531 A.U.c.
1177 2483 1289 2545 692.

166 2582 214 2615 M.
237 2583 445 2617 TULLIUS
471 2585 519 2617 Μ.
540 2586 581 2617 F.
602 2585 772 2619 CICERO
798 2585 842 2625 Q.
864 2586 1094 2619 METELLO
1119 2586 1161 2626 O.
1180 2586 1222 2618 E.
1239 2587 1414 2620 CELER1
1435 2585 1625 2619 PROCOs.
1645 2585 1679 2618 s,
1700 2586 1743 2618 D.

241 2680 278 2710 1.
319 2663 370 2712 S1
400 2673 450 2712 tu
484 2666 817 2729 exercitusque
844 2667 1020 2725 valetis,
1040 2669 1165 2715 bene
1200 2676 1285 2716 est.
1360 2667 1538 2715 Scribis
1572 2667 1634 2715 ad
1667 2683 1745 2714 me

169 2753 215 2792 te
240 2746 537 2796 existimasse
562 2763 651 2810 pro
684 2757 855 2796 mutuo
886 2750 1010 2797 inter
1042 2765 1134 2798 nos
1169 2751 1332 2798 animo
1370 2758 1416 2798 et
1449 2765 1536 2812 pro
1576 2765 1743 2797 recon-

167 2828 322 2876 ciliata
345 2829 496 2891 gratia
519 2844 786 2892 numquam
811 2837 856 2878 te
883 2846 910 2878 a
934 2846 1013 2879 me
1038 2831 1244 2880 ludibrio
1264 2832 1450 2880 laesum
1475 2832 1541 2879 iri.
1596 2831 1744 2891 Quod
