2040 3048
269 103 331 141 12
676 124 678 126 ψ
731 98 791 140 Μ.
836 98 1032 136 TULLII
1068 97 1378 136 CICERONIS
1658 86 1774 152 [Pars
1799 97 1826 138 1.

264 229 534 291 placebant,
573 228 659 276 sed
695 243 795 275 non
831 227 1079 290 *audebam
1119 234 1260 274 antea
1298 227 1486 285 dicere;
1538 241 1667 272 nunc
1704 239 1830 281 vero,

262 311 395 373 quod
430 326 460 358 a
491 319 536 358 te
578 311 779 373 probata
815 317 939 367 sunt,
975 309 1125 356 multo
1166 309 1284 356 mihi
1318 310 1569 368 ἀττικώτερα
1598 307 1827 354 videntur.

261 393 320 440 In
345 392 473 440 illam
499 393 766 440 orationem
786 391 1083 439 Metellinam
1108 391 1272 439 addidi
1296 391 1537 453 quaedam
1559 407 1569 436 ε
1606 389 1725 436 liber
1749 388 1832 435 tibi

261 478 485 532 mittetur,
523 475 754 536 quoniam
777 477 839 521 vte
881 489 1017 521 amor
1058 474 1209 521 nostri
1250 473 1575 535 philothetora
1615 470 1832 519 reddidit.

263 558 308 605 6.
350 556 477 604 Novi
518 557 602 604 tibi
638 556 869 620 quidnam
906 557 1146 604 scribam?
1182 555 1330 618 quid?
1366 555 1523 602 etiam.
1607 552 1834 601 Messalla

263 639 434 687 consul
476 639 826 687 Autronianam
866 638 1066 703 domum
1102 639 1217 686 emit
1252 637 1355 685 HS.
1391 652 1601 686 cxxxnn.
1673 634 1833 693 ‘Quid

262 722 311 769 id
344 722 407 769 ad
435 719 573 768 me?'
598 721 800 784 inquies.
871 721 1100 780 Tantum,
1128 720 1261 784 quod
1292 735 1351 767 ea
1380 720 1627 781 emptione
1664 725 1711 765 et
1742 732 1834 764 nos

261 805 387 851 bene
423 804 598 852 emisse
633 804 825 851 iudicati
862 818 1028 851 sumus
1067 811 1115 851 et
1150 803 1374 851 homines
1411 802 1683 863 intellegere
1725 814 1835 847 coe-

262 894 452 948 perunt,
490 886 630 933 licere
666 887 930 933 amicorum
966 885 1268 933 facultatibus
1302 885 1353 932 in
1387 883 1597 932 emendo
1632 882 1695 930 ad
1729 881 1832 943 dig-

263 969 462 1016 nitatem
488 969 696 1030 aliquam
720 967 981 1030 pervenire.
1055 966 1257 1015 Teucris
1279 966 1358 1014 illa
1379 966 1562 1014 lentum
1585 964 1834 1027 negotium

263 1059 351 1108 est,
374 1050 460 1098 sed
484 1057 648 1097 tamen
678 1058 750 1097 est
778 1050 827 1096 in
854 1065 954 1112 spe.
1003 1049 1085 1097 Tu
1108 1049 1199 1097 ista
1223 1049 1422 1096 confice.
1471 1048 1517 1095 A
1535 1047 1677 1094 nobis
1695 1046 1835 1093 liber-

263 1135 416 1180 iorem
454 1132 707 1194 epistolam
749 1139 989 1193 exspecta.
1067 1145 1130 1178 vl.
1168 1130 1278 1178 Kal.
1316 1130 1455 1178 Febr.
1493 1128 1563 1177 M.
1609 1127 1838 1176 Messalla

266 1215 332 1263 M.
360 1215 536 1261 Pisone
571 1230 698 1262 coss.

672 1351 715 1393 7.
786 1346 880 1393 AD
917 1346 1240 1395 ATTICUM
1276 1346 1315 1394 1.
1358 1362 1429 1406 14.

614 1437 718 1487 SCR.
762 1437 942 1487 ROMAE
978 1454 1042 1486 ID.
1080 1455 1183 1486 FEB.
1220 1453 1360 1487 A.U.c.
1387 1441 1499 1500 693.

794 1542 965 1575 CICERO
1001 1542 1177 1575 ATTrco
1212 1542 1314 1575 SAL.

341 1640 381 1671 1.
420 1623 631 1671 VEREOR
670 1639 731 1671 ne
773 1624 995 1684 putidum
1037 1624 1096 1670 sit
1132 1623 1337 1670 scribere
1373 1622 1435 1669 ad
1471 1630 1531 1679 te,
1569 1636 1715 1683 quam
1752 1620 1841 1668 sim

267 1715 544 1768 occupatus,
588 1705 674 1753 sed
720 1714 883 1753 tamen
932 1705 1205 1763 distinebar,
1249 1713 1300 1752 ut
1350 1705 1462 1752 huic
1509 1704 1587 1750 vix
1634 1702 1840 1750 tantulae

268 1788 498 1850 epistolae
537 1796 728 1851 tempus
766 1787 1016 1835 habuerim
1054 1796 1198 1849 atque
1235 1787 1284 1834 id
1322 1795 1540 1850 ereptum
1577 1802 1603 1833 e
1640 1785 1840 1833 summis

268 1869 680 1932 occupationibus.
754 1870 914 1917 Prima
970 1870 1133 1917 contio
1190 1870 1411 1931 Pompeii
1459 1868 1611 1931 qualis
1658 1867 1838 1924 fuisset,

269 1952 438 2015 scripsi
464 1952 525 1999 ad
549 1959 596 1999 te
621 1960 789 1999 antea:
826 1967 928 1998 non
953 1951 1163 1999 iucunda
1187 1952 1386 2010 miseris,
1411 1952 1566 1998 inanis
1588 1950 1838 2012 improbis,

268 2035 420 2082 beatis
437 2049 546 2095 gnon
570 2042 719 2095 grata,
739 2034 882 2081 bonis
907 2048 1007 2081 non
1032 2034 1188 2095 gravis
1203 2050 1215 2091 ;
1249 2034 1409 2095 itaque
1434 2033 1649 2094 frigebat.
1710 2031 1839 2078 Tum

229 2163 232 2166 ⁴
271 2115 460 2164 Pisonis
485 2116 696 2163 consulis
720 2115 930 2177 impulsu
959 2115 1227 2163 levissimus
1259 2116 1477 2162 tribunus
1507 2114 1568 2176 pl.
1596 2114 1759 2161 Fufius
1792 2114 1840 2160 in

272 2198 552 2246 contionem
598 2197 821 2259 producit
870 2197 1304 2258 Pompeium—res
1351 2198 1582 2258 agebatur
1621 2196 1671 2242 in
1712 2197 1840 2243 circo

270 2279 507 2327 Flaminio
555 2287 602 2326 et
648 2286 746 2326 erat
793 2279 843 2325 in
883 2293 944 2326 eo
981 2279 1088 2340 ipso
1130 2279 1239 2326 loco
1276 2278 1356 2325 illo
1399 2278 1475 2326 die
1519 2278 1840 2325 nundinarum

271 2362 595 2422 πανήγυρις-;
633 2361 863 2424 quaesivit
895 2376 955 2408 ex
980 2375 1054 2418 eo,
1079 2361 1351 2423 placeretne
1380 2361 1424 2407 ei
1448 2361 1630 2407 iudices
1653 2376 1682 2407 a
1706 2375 1841 2422 prae-

270 2452 373 2492 tore
416 2443 523 2506 legi,
561 2458 659 2505 quo
697 2442 899 2490 consilio
935 2442 1062 2489 idem
1098 2451 1290 2504 praetor
1323 2450 1558 2490 uteretur:
1597 2441 1645 2489 id
1681 2450 1841 2489 autem

272 2534 372 2573 erat
398 2526 457 2573 de
482 2524 720 2573 Clodiana
737 2514 968 2587 religione
989 2526 1051 2572 ab
1072 2533 1241 2572 senatu
1260 2526 1586 2572 constitutum.
1640 2540 1683 2570 2.
1711 2525 1842 2572 Turn

272 2607 533 2670 Pompeius
591 2608 689 2665 μάλ’
750 2609 1103 2667 ἀριστοκρατικῶς
1167 2607 1353 2655 locutus
1419 2616 1490 2654 est
1554 2615 1842 2670 senatusque

274 2690 605 2738 auctoritatem
648 2689 735 2737 sibi
778 2690 1006 2736 omnibus
1040 2690 1092 2735 in'
1126 2691 1266 2737 rebus
1302 2689 1500 2736 maximi
1535 2689 1682 2736 videri
1718 2705 1842 2737 sem-

275 2787 456 2834 perque
489 2772 639 2820 visam
673 2787 778 2820 esse
813 2771 1061 2834 respondit
1094 2780 1140 2819 et
1168 2772 1216 2819 id
1245 2772 1404 2819 multis
1429 2772 1598 2819 verbis.
1669 2771 1841 2820 Postea
