2040 3048
293 73 364 137 64
756 80 822 120 M.
865 81 1067 120 TULLII
1103 80 1411 120 CICERONIS
1665 69 1781 137 [Pars
1809 80 1861 121 11.

683 336 758 381 25.
832 332 927 381 AD
962 332 1283 382 ATTICUM
1318 334 1405 382 IV.
1444 345 1489 394 5.

455 429 565 479 Scn.
601 444 652 477 m
687 429 901 477 ANTIATI
936 444 980 476 v,
1018 428 1132 478 Inus
1167 430 1376 478 APRILES
1410 444 1548 478 Aue.
1588 430 1699 490 698.

823 532 991 566 c1CERo
1027 533 1202 567 Arrrco
1236 534 1336 566 SAL.

370 629 411 661 1.
448 615 545 661 Am
590 613 677 661 tu?
727 628 791 660 an
825 628 904 660 me
939 614 1183 662 existimas
1219 615 1281 662 ab
1315 613 1414 662 ullo
1449 613 1590 661 malle
1626 628 1737 661 mea
1768 613 1865 675 legi

296 695 586 757 probarique
618 709 767 756 quam
790 709 820 741 a
842 695 925 742 te?
996 693 1095 743 Cur
1129 695 1270 758 igitur
1301 695 1526 758 cuiquam
1561 695 1669 742 misi
1703 694 1865 757 prius?

295 775 518 839 Urgebar
543 776 604 823 ab
629 786 705 833 eo,
741 775 803 823 ad
827 791 973 839 quem
996 777 1118 835 misi,
1143 784 1190 824 et
1213 791 1315 824 non
1338 776 1578 825 habebam
1608 776 1867 839 exemplar.

297 856 466 916 Quid?
509 857 910 905 etiam—dudum
945 858 1075 904 enim
1110 858 1428 917 circumrodo,
1464 858 1599 922 quod
1635 858 1867 906 devoran-

296 939 413 986 dum
459 938 953 1001 est—subturpicula
999 938 1115 986 mihi
1161 939 1409 987 videbatur
1459 955 1568 988 esse
1621 940 1867 1001 παλινῳδία.

298 1020 395 1068 Sed
429 1020 618 1067 valeant
648 1026 791 1076 recta,
821 1034 946 1076 vera,
978 1018 1182 1067 honesta
1213 1019 1444 1068 consilia:
1480 1034 1582 1068 non
1619 1028 1690 1068 est
1719 1018 1869 1067 credi·

297 1102 405 1159 bile,
432 1116 557 1163 quae
594 1101 655 1148 sit
686 1099 887 1162 perfidia
921 1099 970 1147 in
1006 1100 1107 1147 istis
1137 1100 1445 1163 principibus,
1480 1109 1534 1148 ut
1567 1100 1732 1148 volunt
1762 1116 1869 1149 esse

299 1191 347 1231 et
391 1191 446 1230 ut
492 1190 667 1239 essent,
717 1182 757 1229 si
804 1181 1063 1244 quicquam
1110 1180 1341 1230 haberent
1386 1182 1512 1231 fidei.
1599 1182 1869 1241 Senseram,

300 1279 470 1312 noram
518 1264 757 1321 inductuS,
799 1262 1002 1320 relictuS,
1042 1263 1284 1325 proiectus
1325 1264 1387 1311 ab
1428 1264 1516 1323 iis3
1565 1272 1729 1312 tamen
1774 1263 1870 1312 hoc

300 1362 432 1395 eram
458 1346 634 1403 anim0,
660 1352 713 1392 ut
741 1359 853 1393 cum
885 1344 940 1392 iis
973 1344 1023 1391 in
1046 1359 1097 1392 re
1120 1344 1319 1406 publica>
1338 1345 1688 1393 consentirem:
1725 1345 1871 1394 iidem

299 1436 447 1487 erant,
489 1428 571 1490 qui
618 1427 818 1476 fuerant.
889 1426 986 1474 Vix
1034 1427 1294 1489 aliquando
1341 1436 1388 1475 te
1436 1436 1633 1476 auctore
1679 1428 1867 1491 resipui.

305 1526 347 1558 2.
382 1509 531 1558 Dices
569 1525 628 1558 ea
672 1516 813 1557 tenus
854 1516 900 1556 te
939 1509 1158 1566 suasisse,
1195 1524 1292 1572 qua
1334 1509 1556 1567 facerem,
1594 1525 1693 1557 non
1727 1511 1872 1558 etiam

301 1600 354 1640 ut
389 1592 662 1641 scriberem.
732 1589 843 1654 'Ego
891 1590 1164 1638 mehercule
1205 1590 1322 1637 mihi
1363 1592 1700 1639 necessitatem
1746 1591 1873 1639 volui

302 1674 552 1737 imponere
579 1673 720 1721 huius
753 1687 909 1721 novae
941 1673 1309 1730 coniunctionis,
1336 1688 1398 1721 ne
1435 1688 1532 1735 qua
1561 1673 1680 1721 mihi
1712 1674 1875 1721 liceret

302 1755 398 1802 labi
437 1755 500 1803 ad
544 1755 664 1812 illos,
701 1754 785 1817 qui
820 1754 963 1802 etiam
1001 1764 1118 1812 turn,
1156 1770 1267 1802 cum
1303 1755 1515 1803 misereri
1550 1755 1647 1804 mei
1683 1755 1874 1813 debent,

304 1852 406 1885 non
448 1837 674 1884 desinunt
717 1836 944 1885 invidere.
1016 1835 1113 1884 Sed
1149 1844 1311 1884 tamen
1346 1836 1526 1885 modici
1561 1836 1737 1885 fuimus
1774 1839 1876 1884 ὑπο-

306 1920 435 1977 θέσει,
486 1927 537 1966 ut
584 1918 779 1980 scripsi:
834 1918 1012 1966 erimus
1058 1918 1315 1976 uberiores,
1374 1919 1413 1965 si
1460 1927 1507 1966 et
1553 1918 1630 1966 ille
1677 1919 1877 1967 libenter

305 2000 507 2062 accipiet
534 2010 581 2047 et
613 1999 645 2046 ii
674 1999 1027 2060 subringentur,
1062 2000 1143 2062 qui
1174 2000 1333 2048 villam
1368 2015 1448 2047 me
1484 2000 1685 2048 moleste
1722 2001 1878 2050 ferunt

304 2080 496 2139 babere,
551 2095 675 2143 quae
724 2079 880 2127 Catuli
927 2079 1092 2137 fuerat,
1142 2095 1172 2127 a
1217 2079 1380 2128 Vettio
1428 2096 1507 2128 me
1554 2082 1729 2130 emisse
1776 2098 1875 2131 non

307 2162 520 2224 cogitant
537 2176 549 2221 3
600 2162 681 2223 qui
717 2161 918 2209 domum
953 2169 1133 2222 negant
1180 2162 1448 2223 oportuisse
1483 2166 1563 2210 me
1610 2162 1878 2222 aedificare,

308 2243 514 2291 vendere
557 2243 688 2290 aiunt
725 2242 1010 2304 oportuisse.
1084 2241 1182 2290 Sed
1218 2242 1334 2305 quid
1369 2242 1431 2289 ad
1469 2243 1577 2301 hoc,
1614 2244 1667 2301 si,
1705 2244 1879 2307 quibus

309 2324 556 2372 sententiis
594 2323 691 2371 dixi
727 2323 861 2385 quod
896 2330 943 2370 et
975 2323 1065 2384 ipsi
1098 2324 1373 2385 probarent,
1398 2323 1557 2371 laetati
1582 2333 1693 2372 sunt
1717 2333 1880 2373 tamen

309 2420 388 2452 me
441 2412 611 2452 contra
665 2403 884 2466 Pompeii
933 2404 1228 2452 voluntatem
1275 2404 1486 2452 dixisse?
1555 2405 1700 2453 Finis.
1785 2405 1882 2454 Sed

311 2486 556 2549 quoniam,
595 2485 676 2547 qui
713 2485 829 2532 nihil
865 2494 1081 2547 possunt,
1117 2486 1147 2532 ii
1183 2501 1261 2533 me
1297 2485 1468 2534 nolunt
1500 2501 1675 2545 amare,
1710 2486 1882 2535 demus

311 2578 510 2629 operam
558 2576 609 2614 ut
634 2553 717 2615 'ab
765 2567 835 2624 iis,
893 2568 975 2630 qui
1026 2575 1245 2630 possunt,
1301 2567 1566 2630 diligamur.
1648 2585 1692 2629 3.
1736 2568 1883 2617 Dices

318 2648 516 2694 ‘vellem
565 2649 659 2694 iam
707 2648 921 2709 pridem.’
994 2649 1104 2696 Scio
1141 2657 1186 2695 te
1222 2647 1427 2696 voluisse
1475 2657 1522 2696 et
1568 2664 1647 2697 me
1695 2651 1882 2697 asinum

317 2743 604 2790 germanum
631 2729 790 2777 fuisse.
863 2730 959 2777 Sed
995 2730 1090 2777 iam
1123 2738 1311 2792 tempus
1345 2739 1416 2778 est
1444 2745 1522 2778 me
1559 2731 1718 2793 ipsum
1750 2747 1779 2779 a
1806 2746 1884 2778 me
