2040 3048
144 139 213 192 Ep.
240 125 330 197 37·]
461 134 648 175 EPIST.
691 133 772 173 AD
809 134 1180 173 FAMILIARES
1214 135 1275 173 II.
1324 137 1399 189 13.
1622 137 1722 191 109

140 262 272 323 Quid
308 271 380 312 est
416 276 604 320 causae,
643 276 726 309 cur
762 260 879 308 mihi
914 275 1014 309 non
1056 260 1106 307 in
1143 259 1321 323 optatis
1364 258 1422 306 sit
1465 258 1719 321 complecti

140 346 387 393 hominem
434 344 687 392 florentem
733 350 902 401 aetate,
946 343 1138 404 opibus,
1182 340 1464 398 honoribus,
1507 341 1719 403 ingenio,

139 427 313 485 liberis,
369 425 670 489 propinquis,
726 423 980 481 adfinibus,
1034 423 1201 471 amicis
1262 422 1498 484 collegam
1556 437 1719 470 meum

140 509 420 572 praesertim
454 516 500 556 et
533 508 582 554 in
615 508 721 570 ipsa
757 506 946 568 collegii
979 505 1121 553 laude
1155 512 1203 553 et
1227 505 1427 553 scientia
1451 504 1720 553 studiosum

140 592 268 639 mei?
316 590 436 638 haec
472 604 532 638 eo
564 589 779 653 pluribus
816 588 998 650 scripsi,
1036 587 1170 650 quod
1205 602 1294 635 non
1330 586 1446 634 nihil
1483 587 1722 651 significa·

141 675 256 720 bant
293 682 402 720 tuae
439 672 619 720 litterae
659 670 967 719 subdubitare
1008 675 1061 728 te,
1098 684 1196 731 qua
1238 683 1395 716 essem
1437 683 1551 732 erga
1590 669 1722 716 illum

141 755 399 803 voluntate.
473 753 635 802 Credo
683 761 730 802 te
772 752 964 800 audisse
1012 751 1217 814 aliquid:
1267 750 1440 798 falsum
1482 758 1568 809 est,
1607 751 1723 798 mihi

143 836 297 894 crede,
330 836 370 884 si
406 835 522 899 quid
558 835 743 883 audisti.
817 832 988 881 Genus
1030 832 1353 880 institutorum
1395 839 1443 880 et
1483 833 1724 881 rationum

142 933 359 967 mearum
385 917 818 965 dissimilitudinem
843 930 944 963 non
969 914 1150 962 nullam
1175 913 1321 962 habet
1346 929 1458 962 cum
1485 914 1608 964 illius
1642 916 1725 964 ad-

143 1001 492 1049 ministratione
525 1000 831 1062 provinciae:
873 1013 933 1046 ex
966 1011 1026 1045 eo
1051 996 1249 1059 quidam
1274 996 1501 1058 suspicati
1524 996 1727 1047 fortasse

145 1091 270 1141 sunt,
313 1082 587 1130 animorum
637 1080 964 1139 contentione,
1011 1093 1113 1127 non
1162 1078 1450 1141 opinionum
1498 1079 1724 1129 dissensi-

145 1180 240 1213 one
281 1180 360 1212 me
407 1166 468 1212 ab
516 1178 576 1211 eo
626 1163 922 1225 discrepare;
984 1161 1102 1209 nihil
1149 1168 1310 1208 autem
1359 1160 1452 1209 feci
1493 1176 1726 1226 umquam

145 1262 303 1310 neque
340 1246 452 1304 dixi,
493 1245 626 1309 quod
661 1253 830 1293 contra
877 1244 1000 1291 illius
1038 1243 1441 1291 existimationem
1489 1258 1595 1291 esse
1632 1245 1728 1292 vel-

145 1331 256 1378 lem.
325 1328 444 1376 Post
491 1328 586 1376 hoe
627 1328 876 1390 negotium
915 1333 1076 1374 autem
1123 1333 1170 1374 et
1215 1324 1530 1372 temeritatem
1576 1327 1729 1375 nostri

146 1410 428 1459 Dolabellae
482 1409 847 1472 deprecatorem
900 1424 980 1456 me
1035 1422 1124 1470 pro
1174 1406 1297 1454 illius
1326 1406 1539 1469 periculo
1591 1423 1728 1470 prae-

148 1495 257 1542 beo.
347 1508 390 1555 3.
426 1491 543 1539 Erat
589 1492 639 1538 in
695 1492 867 1540 eadem
924 1490 1129 1554 epistola
1176 1494 1427 1538 ‘veternus
1479 1490 1675 1539 civitatis
1695 1490 1728 1539 :’

147 1574 420 1639 gaudebam
457 1589 572 1622 sane
608 1581 656 1621 et
692 1573 977 1636 congelasse
1015 1580 1237 1621 nostrum
1273 1572 1484 1619 amicum
1519 1573 1731 1622 laetabar

148 1658 262 1707 otio.
349 1656 582 1704 Extrema
632 1656 822 1719 pagella
877 1656 1085 1718 pupugit
1136 1669 1215 1703 me
1262 1662 1346 1702 tuo
1396 1654 1731 1719 chirographo.

149 1739 282 1800 Quid
329 1739 435 1787 ais?
494 1737 756 1786 Caesarem
803 1752 934 1785 nunc
981 1736 1196 1785 defendit
1243 1736 1426 1785 Curio?
1485 1738 1592 1799 quis
1639 1737 1733 1785 hoc

149 1829 337 1886 putarat
369 1826 558 1884 praeter
589 1820 705 1869 me?
742 1833 869 1879 nam,
896 1820 961 1868 ita
993 1820 1163 1878 vivam,
1195 1819 1369 1881 putavi.
1441 1818 1505 1866 Di
1537 1819 1732 1868 immor-

149 1905 294 1952 talesl
333 1918 480 1967 quam
516 1917 610 1965 ego
650 1902 799 1949 risum
837 1909 1058 1950 nostrum
1092 1901 1341 1950 desidero!
1397 1899 1519 1948 Mihi
1551 1909 1651 1948 erat
1684 1901 1733 1948 in

152 1987 329 2044 anim0,
366 1986 599 2049 quoniam
641 1983 1021 2032 iurisdictionem
1058 1983 1376 2041 confeceram,
1415 1983 1626 2032 civitates
1666 1982 1735 2031 lo-

151 2068 459 2131 cupletaram,
485 2066 756 2129 publicanis
786 2066 932 2113 etiam
964 2066 1223 2129 superioris
1255 2066 1388 2114 lustri
1421 2065 1602 2128 reliqua
1632 2066 1735 2113 sine

152 2151 395 2199 sociorum
430 2148 525 2196 ulla
560 2148 755 2210 querela
797 2141 1148 2206 conservaram,
1185 2148 1378 2211 privatis
1420 2148 1622 2196 summis
1663 2148 1735 2194 in-

152 2232 276 2279 fimis
301 2232 485 2279 fueram
520 2230 775 2288 iucundus,
802 2230 1043 2292 proficisci
1075 2231 1126 2277 in
1151 2230 1369 2278 Ciliciam
1402 2228 1560 2277 Nonis
1594 2229 1737 2278 Maiis

153 2321 214 2372 et,
240 2327 353 2361 cum
389 2313 545 2376 prima
577 2312 757 2360 aestiva
791 2311 1056 2374 attigissem
1081 2327 1175 2359 rem
1200 2312 1547 2374 militaremque
1572 2312 1737 2360 conlo-

156 2409 360 2453 cassem,
386 2393 621 2442 decedere
646 2408 706 2442 ex
733 2401 928 2441 senatus
954 2393 1191 2441 consulto.
1264 2392 1424 2456 Cupio
1453 2400 1500 2440 te
1534 2393 1737 2441 aedilem

154 2475 313 2523 videre
349 2475 569 2539 miroque
606 2475 843 2524 desiderio
880 2489 959 2522 me
995 2475 1110 2523 urbs
1149 2475 1311 2522 adficit
1348 2483 1395 2522 et
1433 2488 1606 2522 omnes
1641 2474 1736 2521 mei

155 2565 303 2620 tuque
329 2557 376 2603 in
402 2557 582 2619 primis·
