2040 3048
194 122 372 192 Ep.91.]
519 134 706 175 EPIST.
747 135 827 173 AD
864 134 1234 176 FAMILIARES
1278 136 1353 176 VJ.
1393 126 1442 176 6.
1672 138 1769 195 199

192 266 383 315 fortuna
419 267 666 326 omnium3
717 268 904 327 deinde,
941 277 993 317 ut
1028 269 1077 316 in
1114 284 1222 318 eam
1259 269 1497 318 civitatem
1533 268 1651 317 boni
1688 270 1771 317 viri

192 356 238 395 et
274 349 391 397 boni
427 349 553 398 cives
588 349 719 397 nulla
753 348 1019 411 ignominia
1056 351 1206 399 notati
1242 365 1343 399 non
1379 357 1690 408 revertantur,
1722 350 1771 397 in

191 446 337 493 quam
382 439 452 479 tot
489 430 779 480 nefariorum
823 433 1059 480 scelerum
1102 433 1414 481 condemnati
1461 439 1770 481 reverterunt.

197 527 268 560 12.
306 511 477 561 Habes
523 512 776 575 augurium
824 527 1002 570 meum,
1041 529 1155 577 qu0,
1193 514 1232 563 si
1268 513 1385 576 quid
1423 513 1770 571 addubitarem,

190 608 292 642 non
316 595 478 657 potius
512 602 669 643 uterer
705 609 852 657 quam
883 595 962 642 illa
998 594 1348 654 consolatione,
1374 611 1472 657 qua
1504 595 1641 643 facile
1676 595 1771 643 for-

189 685 288 725 tem
325 677 478 723 virum
519 683 864 725 sustentarem:
918 684 978 734 te,
1022 677 1061 725 si
1110 676 1359 739 explorata
1398 678 1598 725 victoria
1640 693 1773 725 arma

189 758 476 821 sumpsisses
524 773 613 821 pro
661 774 712 806 re
759 757 1099 820 publica—-ita
1146 758 1276 806 enirn
1325 766 1427 806 tum
1475 758 1772 820 putabas—,

188 855 289 888 non
331 840 474 887 nimis
508 854 614 887 esse
651 839 944 887 laudandum
964 855 977 898 3
1016 840 1089 887 sin
1127 847 1326 902 propter
1367 839 1576 887 incertos
1616 841 1772 887 exitus

188 928 482 983 eventusque
546 919 782 968 bellorum
847 935 995 984 posse
1055 921 1287 980 accidere,
1339 929 1393 969 ut
1456 922 1770 980 vinceremur,

188 1012 424 1068 putasses,
466 1018 566 1050 non
617 1001 793 1051 debere
841 1010 887 1049 te
930 1002 992 1050 ad
1039 1003 1306 1051 secundam
1353 1001 1597 1050 fortunam
1645 1004 1772 1051 bene

187 1093 408 1149 paratum
443 1084 604 1143 fuisse,
636 1084 885 1132 adversam
923 1083 1043 1132 ferre
1076 1085 1208 1132 nullo
1242 1085 1394 1133 modo
1426 1100 1590 1148 posse.
1660 1084 1771 1134 Dis-

187 1177 408 1232 putarem
446 1167 603 1226 etiam,
643 1175 826 1229 quanto
863 1166 1043 1215 solacio
1087 1167 1171 1215 tibi
1208 1167 1504 1216 conscientia
1540 1168 1608 1216 tui
1645 1167 1770 1226 facti,

187 1258 396 1316 quantae
438 1248 744 1296 delectationi
783 1249 832 1295 in
875 1249 1018 1296 rebus
1057 1249 1268 1297 adversis
1310 1249 1491 1298 litterae
1540 1264 1645 1297 esse
1688 1250 1772 1298 de-

186 1335 384 1392 berent;
420 1345 856 1379 commemorarem
889 1346 990 1378 non
1025 1331 1184 1379 solum
1214 1339 1445 1390 veterum,
1481 1332 1567 1379 sed
1596 1332 1771 1380 horum

186 1415 331 1463 etiam
378 1413 642 1461 recentium
680 1412 753 1460 vel
801 1412 981 1460 ducum
1023 1413 1096 1460 vel
1139 1413 1373 1461 comitum
1423 1422 1617 1461 tuorum
1663 1429 1771 1476 gra-

185 1497 407 1545 vissimos
466 1509 634 1552 casus;
698 1494 843 1542 etiam
902 1502 1130 1543 externos
1188 1495 1369 1543 multos
1429 1495 1584 1544 claros
1644 1497 1771 1545 viros

185 1578 489 1627 nominarem
504 1593 517 1637 ;
571 1575 696 1624 levat
734 1576 864 1624 enim
900 1576 1120 1624 dolorem
1156 1577 1431 1625 communis
1470 1578 1608 1641 quasi
1650 1578 1770 1642 legis

183 1668 230 1709 et
287 1660 527 1708 humanae
587 1658 887 1707 condicionis
946 1659 1235 1708 recordatio,
1337 1676 1410 1721 13.
1454 1659 1770 1723 Exponerem

184 1743 341 1801 etiam,
368 1758 513 1805 quem
549 1742 612 1790 ad
647 1742 852 1790 modum
888 1742 965 1791 hic
1002 1751 1050 1790 et
1086 1750 1268 1805 quanta
1304 1743 1354 1790 in
1390 1744 1528 1792 turba
1563 1753 1768 1807 quanta-

183 1841 277 1888 que
318 1826 367 1872 in
411 1824 698 1872 confusione
746 1840 906 1872 rerum
948 1825 1171 1872 omnium
1213 1826 1510 1884 viveremus;
1566 1841 1768 1876 necesse

182 1917 256 1956 est
306 1907 436 1955 enim
487 1907 674 1955 minore
736 1907 973 1955 desiderio
1020 1907 1208 1970 perdita
1258 1924 1310 1956 re
1362 1908 1558 1971 publica
1606 1925 1769 1958 carere

182 2004 329 2052 quam
375 1989 521 2037 bona.
595 1988 691 2036 Sed
738 1988 834 2037 hoc
873 2005 1052 2052 genere
1100 1989 1216 2037 nihil
1258 2005 1385 2053 opus
1428 1998 1528 2038 est:
1583 1991 1770 2040 incolu-

182 2086 313 2119 mem
354 2078 402 2119 te
448 2071 559 2129 cit0,
601 2079 653 2119 ut
700 2086 859 2134 spem,
902 2071 978 2120 vel
1018 2074 1193 2135 potius,
1237 2081 1289 2120 ut
1337 2074 1591 2136 perspicio,
1637 2073 1767 2122 vide-

180 2153 352 2202 bimus.
425 2153 616 2201 Interea
656 2154 742 2202 tibi
784 2154 970 2202 absenti
1007 2163 1055 2203 et
1096 2155 1221 2214 huic,
1259 2156 1342 2219 qui
1378 2157 1529 2214 adest,
1567 2156 1766 2220 imagini

181 2236 328 2283 animi
364 2243 410 2284 et
446 2236 663 2299 corporis
700 2237 782 2295 tui,
821 2238 1216 2286 constantissimo
1253 2246 1397 2301 atque
1440 2239 1628 2302 optimo
1666 2239 1765 2287 filio

179 2326 278 2375 tuo,
313 2318 537 2375 studium,
572 2318 799 2377 officium,
833 2334 1050 2383 operam,
1084 2321 1301 2369 laborem
1337 2335 1502 2369 meum
1538 2322 1636 2370 iam
1670 2323 1759 2385 pri-

180 2399 292 2447 dem
317 2407 365 2447 et
387 2399 627 2461 pollicitus
659 2415 766 2449 sum
793 2409 840 2449 et
875 2401 1048 2461 detuli;
1088 2418 1218 2451 nunc
1251 2403 1346 2451 hoc
1380 2404 1602 2466 ampliuS‚
1630 2403 1764 2466 quod

179 2496 258 2528 me
294 2480 583 2528 amicissime
618 2483 832 2545 quotidie
869 2484 1024 2545 magis
1060 2483 1240 2533 Caesar
1274 2485 1590 2548 amplectitur,
1626 2484 1764 2532 fami-

179 2562 317 2610 liares
355 2562 550 2624 quidem
593 2563 710 2622 eiuS‚
748 2565 886 2612 sicuti
924 2566 1185 2614 neminem.
1259 2567 1411 2630 Apud
1447 2583 1592 2630 quem
1630 2567 1763 2630 quic-

179 2643 296 2707 quid
337 2643 508 2691 valebo
551 2645 623 2692 vel
671 2647 958 2695 auctoritate
996 2648 1069 2696 vel
1117 2650 1284 2712 gratia,
1325 2649 1494 2697 valebo
1543 2649 1656 2697 tibi:
1712 2657 1763 2697 tu

179 2741 292 2774 cura
326 2733 379 2773 ut
411 2740 522 2774 cum
552 2725 844 2776 firmitudine
877 2737 923 2777 te
952 2730 1120 2791 animi,
1148 2738 1250 2778 tum
1285 2730 1429 2778 etiarn
1459 2746 1544 2794 spe
1579 2731 1764 2794 optima

180 2813 432 2855 sustentes.
