<?xml version="1.0" encoding="UTF-8"?>
<!DOCTYPE html PUBLIC "-//W3C//DTD XHTML 1.0 Transitional//EN"
    "http://www.w3.org/TR/xhtml1/DTD/xhtml1-transitional.dtd">
<html xmlns="http://www.w3.org/1999/xhtml" xml:lang="en" lang="en">
 <head>
  <title>
</title>
<meta http-equiv="Content-Type" content="text/html;charset=utf-8" />
  <meta name='ocr-system' content='tesseract 3.04.00' />
  <meta name='ocr-capabilities' content='ocr_page ocr_carea ocr_par ocr_line ocrx_word'/>
</head>
<body>
  <div class='ocr_page' id='page_1' title='image "./epistolaeselecta00ciceuoft/epistolaeselecta00ciceuoft_0291.png"; bbox 0 0 2040 3048; ppageno 0'>
   <div class='ocr_carea' id='block_1_1' title="bbox 205 121 1778 188">
    <p class='ocr_par' dir='ltr' id='par_1_1' title="bbox 205 121 1778 188">
     <span class='ocr_line' id='line_1_1' title="bbox 205 121 1778 188; baseline 0.001 -19"><span class='ocrx_word' id='word_1_1' title='bbox 205 132 274 183; x_wconf 79' lang='lat' dir='ltr'>Ep.</span> <span class='ocrx_word' id='word_1_2' title='bbox 306 121 416 186; x_wconf 78' lang='lat'>146.]</span> <span class='ocrx_word' id='word_1_3' title='bbox 531 130 717 170; x_wconf 80' lang='lat' dir='ltr'><em>EPIST.</em></span> <span class='ocrx_word' id='word_1_4' title='bbox 757 130 839 170; x_wconf 83' lang='lat' dir='ltr'>AD</span> <span class='ocrx_word' id='word_1_5' title='bbox 875 130 1246 169; x_wconf 70' lang='lat' dir='ltr'><em>FAMILIARES</em></span> <span class='ocrx_word' id='word_1_6' title='bbox 1285 131 1339 170; x_wconf 75' lang='lat' dir='ltr'>x.</span> <span class='ocrx_word' id='word_1_7' title='bbox 1384 134 1466 188; x_wconf 81' lang='lat'>23.</span> <span class='ocrx_word' id='word_1_8' title='bbox 1678 131 1778 188; x_wconf 85' lang='lat'>275</span> 
     </span>
    </p>
   </div>
   <div class='ocr_carea' id='block_1_2' title="bbox 515 320 1464 381">
    <p class='ocr_par' dir='ltr' id='par_1_2' title="bbox 515 320 1464 381">
     <span class='ocr_line' id='line_1_2' title="bbox 515 320 1464 381; baseline -0.002 -13"><span class='ocrx_word' id='word_1_9' title='bbox 515 324 621 368; x_wconf 83' lang='lat'>146.</span> <span class='ocrx_word' id='word_1_10' title='bbox 695 321 789 368; x_wconf 93' lang='lat' dir='ltr'>AD</span> <span class='ocrx_word' id='word_1_11' title='bbox 827 321 1250 369; x_wconf 91' lang='lat' dir='ltr'><strong>FAMILIARES</strong></span> <span class='ocrx_word' id='word_1_12' title='bbox 1290 320 1349 368; x_wconf 88' lang='lat' dir='ltr'>X.</span> <span class='ocrx_word' id='word_1_13' title='bbox 1392 335 1464 381; x_wconf 84' lang='lat'>23.</span> 
     </span>
    </p>
   </div>
   <div class='ocr_carea' id='block_1_3' title="bbox 368 415 1611 558">
    <p class='ocr_par' dir='ltr' id='par_1_3' title="bbox 368 415 1611 558">
     <span class='ocr_line' id='line_1_3' title="bbox 368 415 1611 466; baseline -0.001 -3"><span class='ocrx_word' id='word_1_14' title='bbox 368 415 476 465; x_wconf 79' lang='lat' dir='ltr'>ScR.</span> <span class='ocrx_word' id='word_1_15' title='bbox 516 415 786 466; x_wconf 78' lang='lat' dir='ltr'>CULARONE</span> <span class='ocrx_word' id='word_1_16' title='bbox 822 433 872 465; x_wconf 77' lang='grc' dir='ltr'>ΙΝ</span> <span class='ocrx_word' id='word_1_17' title='bbox 908 433 1093 465; x_wconf 75' lang='lat' dir='ltr'>mmssus</span> <span class='ocrx_word' id='word_1_18' title='bbox 1131 418 1478 465; x_wconf 79' lang='lat' dir='ltr'><strong>ALLOBROGUM</strong></span> <span class='ocrx_word' id='word_1_19' title='bbox 1514 430 1611 463; x_wconf 82' lang='lat' dir='ltr'>vm.</span> 
     </span>
     <span class='ocr_line' id='line_1_4' title="bbox 662 498 1308 558; baseline 0 -14"><span class='ocrx_word' id='word_1_20' title='bbox 662 498 778 545; x_wconf 82' lang='lat' dir='ltr'>Inus</span> <span class='ocrx_word' id='word_1_21' title='bbox 814 498 982 546; x_wconf 85' lang='lat' dir='ltr'><strong>IUNIAS</strong></span> <span class='ocrx_word' id='word_1_22' title='bbox 1018 513 1154 547; x_wconf 81' lang='lat' dir='ltr'>A.U.c.</span> <span class='ocrx_word' id='word_1_23' title='bbox 1198 509 1308 558; x_wconf 88' lang='lat'>711.</span> 
     </span>
    </p>
   </div>
   <div class='ocr_carea' id='block_1_4' title="bbox 752 602 1233 636">
    <p class='ocr_par' dir='ltr' id='par_1_4' title="bbox 752 602 1233 636">
     <span class='ocr_line' id='line_1_5' title="bbox 752 602 1233 636; baseline 0 -2"><span class='ocrx_word' id='word_1_24' title='bbox 752 602 962 636; x_wconf 88' lang='lat' dir='ltr'><strong>PLANCUS</strong></span> <span class='ocrx_word' id='word_1_25' title='bbox 998 603 1233 636; x_wconf 86' lang='lat' dir='ltr'>CICERONI.</span> 
     </span>
    </p>
   </div>
   <div class='ocr_carea' id='block_1_5' title="bbox 183 679 1778 2952">
    <p class='ocr_par' dir='ltr' id='par_1_5' title="bbox 183 679 1778 2885">
     <span class='ocr_line' id='line_1_6' title="bbox 269 679 1778 744; baseline -0.003 -13"><span class='ocrx_word' id='word_1_26' title='bbox 269 698 307 731; x_wconf 86' lang='lat'>1.</span> <span class='ocrx_word' id='word_1_27' title='bbox 363 682 624 739; x_wconf 79' lang='lat' dir='ltr'><strong>NUMQUAM</strong></span> <span class='ocrx_word' id='word_1_28' title='bbox 672 682 986 736; x_wconf 83' lang='lat' dir='ltr'>mehercules,</span> <span class='ocrx_word' id='word_1_29' title='bbox 1036 683 1102 730; x_wconf 92' lang='lat' dir='ltr'>mi</span> <span class='ocrx_word' id='word_1_30' title='bbox 1151 681 1341 740; x_wconf 92' lang='lat' dir='ltr'>Cicero,</span> <span class='ocrx_word' id='word_1_31' title='bbox 1390 697 1470 729; x_wconf 88' lang='lat' dir='ltr'>me</span> <span class='ocrx_word' id='word_1_32' title='bbox 1517 679 1778 744; x_wconf 89' lang='lat' dir='ltr'>paenitebit</span> 
     </span>
     <span class='ocr_line' id='line_1_7' title="bbox 194 763 1778 828; baseline -0.001 -16"><span class='ocrx_word' id='word_1_33' title='bbox 194 765 407 813; x_wconf 86' lang='lat' dir='ltr'>maxima</span> <span class='ocrx_word' id='word_1_34' title='bbox 431 765 645 827; x_wconf 89' lang='lat' dir='ltr'>pericula</span> <span class='ocrx_word' id='word_1_35' title='bbox 668 780 757 828; x_wconf 95' lang='lat' dir='ltr'>pro</span> <span class='ocrx_word' id='word_1_36' title='bbox 783 766 937 828; x_wconf 90' lang='lat' dir='ltr'>patria</span> <span class='ocrx_word' id='word_1_37' title='bbox 962 766 1134 824; x_wconf 93' lang='lat' dir='ltr'>subire,</span> <span class='ocrx_word' id='word_1_38' title='bbox 1163 765 1295 824; x_wconf 91' lang='lat' dir='ltr'>dum,</span> <span class='ocrx_word' id='word_1_39' title='bbox 1322 765 1363 813; x_wconf 90' lang='lat' dir='ltr'>si</span> <span class='ocrx_word' id='word_1_40' title='bbox 1404 765 1519 827; x_wconf 87' lang='lat' dir='ltr'>quid</span> <span class='ocrx_word' id='word_1_41' title='bbox 1556 763 1778 812; x_wconf 87' lang='lat' dir='ltr'>acciderit</span> 
     </span>
     <span class='ocr_line' id='line_1_8' title="bbox 192 845 1777 910; baseline -0.001 -16"><span class='ocrx_word' id='word_1_42' title='bbox 192 846 323 905; x_wconf 89' lang='lat' dir='ltr'>mihi,</span> <span class='ocrx_word' id='word_1_43' title='bbox 350 863 378 894; x_wconf 89' lang='lat' dir='ltr'>a</span> <span class='ocrx_word' id='word_1_44' title='bbox 409 846 789 910; x_wconf 85' lang='lat' dir='ltr'>reprehensione</span> <span class='ocrx_word' id='word_1_45' title='bbox 825 848 1104 896; x_wconf 90' lang='lat' dir='ltr'>temeritatis</span> <span class='ocrx_word' id='word_1_46' title='bbox 1141 848 1309 895; x_wconf 91' lang='lat' dir='ltr'>absim.</span> <span class='ocrx_word' id='word_1_47' title='bbox 1383 845 1653 895; x_wconf 88' lang='lat' dir='ltr'>Confiterer</span> <span class='ocrx_word' id='word_1_48' title='bbox 1688 845 1777 892; x_wconf 91' lang='lat' dir='ltr'>im-</span> 
     </span>
     <span class='ocr_line' id='line_1_9' title="bbox 192 927 1776 993; baseline -0.002 -16"><span class='ocrx_word' id='word_1_49' title='bbox 192 928 448 993; x_wconf 85' lang='lat' dir='ltr'>prudentia</span> <span class='ocrx_word' id='word_1_50' title='bbox 471 944 550 977; x_wconf 90' lang='lat' dir='ltr'>me</span> <span class='ocrx_word' id='word_1_51' title='bbox 575 929 779 992; x_wconf 89' lang='lat' dir='ltr'>lapsum,</span> <span class='ocrx_word' id='word_1_52' title='bbox 806 930 846 978; x_wconf 92' lang='lat' dir='ltr'>si</span> <span class='ocrx_word' id='word_1_53' title='bbox 870 945 1105 993; x_wconf 87' lang='lat' dir='ltr'>umquam</span> <span class='ocrx_word' id='word_1_54' title='bbox 1129 929 1321 992; x_wconf 93' lang='lat' dir='ltr'>Lepido</span> <span class='ocrx_word' id='word_1_55' title='bbox 1346 945 1404 977; x_wconf 87' lang='lat' dir='ltr'>ex</span> <span class='ocrx_word' id='word_1_56' title='bbox 1433 929 1601 976; x_wconf 88' lang='lat' dir='ltr'>animo</span> <span class='ocrx_word' id='word_1_57' title='bbox 1627 927 1776 975; x_wconf 91' lang='lat' dir='ltr'>credi-</span> 
     </span>
     <span class='ocr_line' id='line_1_10' title="bbox 191 1009 1778 1075; baseline -0.002 -15"><span class='ocrx_word' id='word_1_58' title='bbox 191 1012 400 1071; x_wconf 87' lang='lat' dir='ltr'>dissem;</span> <span class='ocrx_word' id='word_1_59' title='bbox 439 1011 694 1060; x_wconf 86' lang='lat' dir='ltr'>credulitas</span> <span class='ocrx_word' id='word_1_60' title='bbox 730 1012 861 1060; x_wconf 90' lang='lat' dir='ltr'>enim</span> <span class='ocrx_word' id='word_1_61' title='bbox 897 1027 1030 1060; x_wconf 91' lang='lat' dir='ltr'>error</span> <span class='ocrx_word' id='word_1_62' title='bbox 1066 1020 1139 1060; x_wconf 93' lang='lat' dir='ltr'>est</span> <span class='ocrx_word' id='word_1_63' title='bbox 1175 1011 1331 1074; x_wconf 85' lang='lat' dir='ltr'>magis</span> <span class='ocrx_word' id='word_1_64' title='bbox 1363 1026 1510 1075; x_wconf 89' lang='lat' dir='ltr'>quam</span> <span class='ocrx_word' id='word_1_65' title='bbox 1548 1009 1702 1073; x_wconf 90' lang='lat' dir='ltr'>culpa,</span> <span class='ocrx_word' id='word_1_66' title='bbox 1730 1018 1778 1058; x_wconf 92' lang='lat' dir='ltr'>et</span> 
     </span>
     <span class='ocr_line' id='line_1_11' title="bbox 190 1090 1777 1158; baseline -0.003 -16"><span class='ocrx_word' id='word_1_67' title='bbox 190 1094 387 1158; x_wconf 90' lang='lat' dir='ltr'>quidem</span> <span class='ocrx_word' id='word_1_68' title='bbox 411 1093 463 1141; x_wconf 92' lang='lat' dir='ltr'>in</span> <span class='ocrx_word' id='word_1_69' title='bbox 487 1093 658 1156; x_wconf 89' lang='lat' dir='ltr'>optimi</span> <span class='ocrx_word' id='word_1_70' title='bbox 688 1093 922 1156; x_wconf 92' lang='lat' dir='ltr'>cuiusque</span> <span class='ocrx_word' id='word_1_71' title='bbox 955 1101 1171 1142; x_wconf 90' lang='lat' dir='ltr'>mentem</span> <span class='ocrx_word' id='word_1_72' title='bbox 1196 1092 1418 1141; x_wconf 84' lang='lat' dir='ltr'>facillime</span> <span class='ocrx_word' id='word_1_73' title='bbox 1444 1091 1618 1154; x_wconf 90' lang='lat' dir='ltr'>inrepit</span> <span class='ocrx_word' id='word_1_74' title='bbox 1639 1108 1649 1139; x_wconf 73' lang='grc' dir='ltr'><em>ε</em></span> <span class='ocrx_word' id='word_1_75' title='bbox 1689 1090 1777 1138; x_wconf 91' lang='lat' dir='ltr'>sed</span> 
     </span>
     <span class='ocr_line' id='line_1_12' title="bbox 190 1173 1775 1239; baseline -0.003 -15"><span class='ocrx_word' id='word_1_76' title='bbox 190 1190 284 1238; x_wconf 85' lang='lat' dir='ltr'>ego</span> <span class='ocrx_word' id='word_1_77' title='bbox 321 1190 422 1223; x_wconf 90' lang='lat' dir='ltr'>non</span> <span class='ocrx_word' id='word_1_78' title='bbox 450 1174 546 1224; x_wconf 94' lang='lat' dir='ltr'>hoc</span> <span class='ocrx_word' id='word_1_79' title='bbox 571 1175 685 1223; x_wconf 93' lang='lat' dir='ltr'>vitio</span> <span class='ocrx_word' id='word_1_80' title='bbox 723 1190 879 1238; x_wconf 89' lang='lat' dir='ltr'>paene</span> <span class='ocrx_word' id='word_1_81' title='bbox 917 1190 1026 1224; x_wconf 92' lang='lat' dir='ltr'>sum</span> <span class='ocrx_word' id='word_1_82' title='bbox 1063 1175 1295 1239; x_wconf 88' lang='lat' dir='ltr'>deceptus</span> <span class='ocrx_word' id='word_1_83' title='bbox 1313 1190 1325 1234; x_wconf 89' lang='lat'>;</span> <span class='ocrx_word' id='word_1_84' title='bbox 1363 1174 1608 1236; x_wconf 90' lang='lat' dir='ltr'>Lepidum</span> <span class='ocrx_word' id='word_1_85' title='bbox 1645 1173 1775 1220; x_wconf 89' lang='lat' dir='ltr'>enim</span> 
     </span>
     <span class='ocr_line' id='line_1_13' title="bbox 189 1255 1775 1321; baseline -0.003 -15"><span class='ocrx_word' id='word_1_86' title='bbox 189 1258 387 1321; x_wconf 91' lang='lat' dir='ltr'>pulchre</span> <span class='ocrx_word' id='word_1_87' title='bbox 418 1272 604 1306; x_wconf 84' lang='lat' dir='ltr'>noram.</span> <span class='ocrx_word' id='word_1_88' title='bbox 678 1257 813 1316; x_wconf 88' lang='lat' dir='ltr'>Quid</span> <span class='ocrx_word' id='word_1_89' title='bbox 845 1273 963 1320; x_wconf 89' lang='lat' dir='ltr'>ergo</span> <span class='ocrx_word' id='word_1_90' title='bbox 996 1259 1102 1306; x_wconf 84' lang='lat' dir='ltr'>est?</span> <span class='ocrx_word' id='word_1_91' title='bbox 1137 1258 1296 1321; x_wconf 92' lang='lat' dir='ltr'>pudor</span> <span class='ocrx_word' id='word_1_92' title='bbox 1332 1272 1427 1315; x_wconf 91' lang='lat' dir='ltr'>me,</span> <span class='ocrx_word' id='word_1_93' title='bbox 1455 1256 1537 1319; x_wconf 91' lang='lat' dir='ltr'>qui</span> <span class='ocrx_word' id='word_1_94' title='bbox 1568 1256 1619 1303; x_wconf 92' lang='lat' dir='ltr'>in</span> <span class='ocrx_word' id='word_1_95' title='bbox 1647 1255 1775 1303; x_wconf 92' lang='lat' dir='ltr'>bello</span> 
     </span>
     <span class='ocr_line' id='line_1_14' title="bbox 188 1339 1773 1403; baseline -0.003 -14"><span class='ocrx_word' id='word_1_96' title='bbox 188 1341 400 1389; x_wconf 85' lang='lat' dir='ltr'>maxime</span> <span class='ocrx_word' id='word_1_97' title='bbox 426 1349 500 1389; x_wconf 91' lang='lat' dir='ltr'>est</span> <span class='ocrx_word' id='word_1_98' title='bbox 524 1340 838 1403; x_wconf 91' lang='lat' dir='ltr'>periculosus,</span> <span class='ocrx_word' id='word_1_99' title='bbox 865 1339 995 1389; x_wconf 92' lang='lat' dir='ltr'>hunc</span> <span class='ocrx_word' id='word_1_100' title='bbox 1021 1356 1188 1389; x_wconf 86' lang='lat' dir='ltr'>casum</span> <span class='ocrx_word' id='word_1_101' title='bbox 1223 1340 1385 1403; x_wconf 84' lang='lat' dir='ltr'>co&#39;e‘git</span> <span class='ocrx_word' id='word_1_102' title='bbox 1414 1339 1604 1398; x_wconf 85' lang='lat' dir='ltr'>subire3</span> <span class='ocrx_word' id='word_1_103' title='bbox 1643 1354 1773 1397; x_wconf 90' lang='lat' dir='ltr'>nam,</span> 
     </span>
     <span class='ocr_line' id='line_1_15' title="bbox 187 1420 1774 1481; baseline -0.004 -9"><span class='ocrx_word' id='word_1_104' title='bbox 187 1425 280 1474; x_wconf 80' lang='lat' dir='ltr'>nisi</span> <span class='ocrx_word' id='word_1_105' title='bbox 304 1439 405 1472; x_wconf 89' lang='lat' dir='ltr'>uno</span> <span class='ocrx_word' id='word_1_106' title='bbox 430 1424 541 1472; x_wconf 93' lang='lat' dir='ltr'>loco</span> <span class='ocrx_word' id='word_1_107' title='bbox 567 1438 739 1481; x_wconf 88' lang='lat' dir='ltr'>essem,</span> <span class='ocrx_word' id='word_1_108' title='bbox 766 1423 966 1471; x_wconf 90' lang='lat' dir='ltr'>verebar</span> <span class='ocrx_word' id='word_1_109' title='bbox 994 1439 1056 1471; x_wconf 94' lang='lat' dir='ltr'>ne</span> <span class='ocrx_word' id='word_1_110' title='bbox 1090 1423 1167 1470; x_wconf 92' lang='lat' dir='ltr'>cui</span> <span class='ocrx_word' id='word_1_111' title='bbox 1192 1423 1568 1470; x_wconf 90' lang='lat' dir='ltr'>obtrectatorum</span> <span class='ocrx_word' id='word_1_112' title='bbox 1592 1420 1774 1468; x_wconf 90' lang='lat' dir='ltr'>viderer</span> 
     </span>
     <span class='ocr_line' id='line_1_16' title="bbox 187 1503 1772 1568; baseline -0.003 -14"><span class='ocrx_word' id='word_1_113' title='bbox 187 1515 234 1554; x_wconf 90' lang='lat' dir='ltr'>et</span> <span class='ocrx_word' id='word_1_114' title='bbox 265 1506 470 1554; x_wconf 89' lang='lat' dir='ltr'>nimium</span> <span class='ocrx_word' id='word_1_115' title='bbox 504 1505 810 1568; x_wconf 90' lang='lat' dir='ltr'>pertinaciter</span> <span class='ocrx_word' id='word_1_116' title='bbox 839 1504 1031 1568; x_wconf 92' lang='lat' dir='ltr'>Lepido</span> <span class='ocrx_word' id='word_1_117' title='bbox 1073 1504 1291 1553; x_wconf 90' lang='lat' dir='ltr'>offensus</span> <span class='ocrx_word' id='word_1_118' title='bbox 1324 1512 1372 1552; x_wconf 90' lang='lat' dir='ltr'>et</span> <span class='ocrx_word' id='word_1_119' title='bbox 1404 1518 1514 1551; x_wconf 91' lang='lat' dir='ltr'>mea</span> <span class='ocrx_word' id='word_1_120' title='bbox 1546 1503 1772 1566; x_wconf 87' lang='lat' dir='ltr'>patientia</span> 
     </span>
     <span class='ocr_line' id='line_1_17' title="bbox 186 1586 1772 1651; baseline -0.003 -14"><span class='ocrx_word' id='word_1_121' title='bbox 186 1589 331 1637; x_wconf 90' lang='lat' dir='ltr'>etiam</span> <span class='ocrx_word' id='word_1_122' title='bbox 367 1589 493 1636; x_wconf 90' lang='lat' dir='ltr'>alere</span> <span class='ocrx_word' id='word_1_123' title='bbox 520 1588 713 1635; x_wconf 92' lang='lat' dir='ltr'>bellum.</span> <span class='ocrx_word' id='word_1_124' title='bbox 790 1604 831 1636; x_wconf 85' lang='lat'>2.</span> <span class='ocrx_word' id='word_1_125' title='bbox 871 1588 1043 1651; x_wconf 92' lang='lat' dir='ltr'>Itaque</span> <span class='ocrx_word' id='word_1_126' title='bbox 1081 1588 1248 1651; x_wconf 91' lang='lat' dir='ltr'>copias</span> <span class='ocrx_word' id='word_1_127' title='bbox 1273 1601 1426 1650; x_wconf 87' lang='lat' dir='ltr'>prope</span> <span class='ocrx_word' id='word_1_128' title='bbox 1452 1586 1500 1632; x_wconf 94' lang='lat' dir='ltr'>in</span> <span class='ocrx_word' id='word_1_129' title='bbox 1537 1600 1772 1648; x_wconf 88' lang='lat' dir='ltr'>conspec-</span> 
     </span>
     <span class='ocr_line' id='line_1_18' title="bbox 186 1667 1771 1733; baseline -0.003 -15"><span class='ocrx_word' id='word_1_130' title='bbox 186 1680 289 1719; x_wconf 89' lang='lat' dir='ltr'>tum</span> <span class='ocrx_word' id='word_1_131' title='bbox 331 1669 505 1732; x_wconf 91' lang='lat' dir='ltr'>Lepidi</span> <span class='ocrx_word' id='word_1_132' title='bbox 545 1670 846 1733; x_wconf 89' lang='lat' dir='ltr'>Antoniique</span> <span class='ocrx_word' id='word_1_133' title='bbox 895 1671 1076 1718; x_wconf 85' lang='lat' dir='ltr'>adduxi</span> <span class='ocrx_word' id='word_1_134' title='bbox 1125 1669 1539 1733; x_wconf 85' lang='lat' dir='ltr'>quadragintaque</span> <span class='ocrx_word' id='word_1_135' title='bbox 1587 1667 1771 1714; x_wconf 90' lang='lat' dir='ltr'>milium</span> 
     </span>
     <span class='ocr_line' id='line_1_19' title="bbox 186 1749 1772 1817; baseline -0.003 -16"><span class='ocrx_word' id='word_1_136' title='bbox 186 1768 419 1817; x_wconf 89' lang='lat' dir='ltr'>passuum</span> <span class='ocrx_word' id='word_1_137' title='bbox 450 1752 608 1815; x_wconf 91' lang='lat' dir='ltr'>spatio</span> <span class='ocrx_word' id='word_1_138' title='bbox 633 1752 798 1800; x_wconf 89' lang='lat' dir='ltr'>relicto</span> <span class='ocrx_word' id='word_1_139' title='bbox 825 1751 1028 1800; x_wconf 89' lang='lat' dir='ltr'>consedi</span> <span class='ocrx_word' id='word_1_140' title='bbox 1056 1768 1116 1801; x_wconf 95' lang='lat' dir='ltr'>eo</span> <span class='ocrx_word' id='word_1_141' title='bbox 1141 1752 1358 1809; x_wconf 90' lang='lat' dir='ltr'>consilio,</span> <span class='ocrx_word' id='word_1_142' title='bbox 1387 1758 1437 1799; x_wconf 92' lang='lat' dir='ltr'>ut</span> <span class='ocrx_word' id='word_1_143' title='bbox 1460 1749 1534 1798; x_wconf 92' lang='lat' dir='ltr'>vel</span> <span class='ocrx_word' id='word_1_144' title='bbox 1557 1749 1772 1798; x_wconf 90' lang='lat' dir='ltr'>celeriter</span> 
     </span>
     <span class='ocr_line' id='line_1_20' title="bbox 185 1831 1770 1897; baseline -0.004 -12"><span class='ocrx_word' id='word_1_145' title='bbox 185 1836 415 1885; x_wconf 91' lang='lat' dir='ltr'>accedere</span> <span class='ocrx_word' id='word_1_146' title='bbox 436 1834 510 1882; x_wconf 92' lang='lat' dir='ltr'>vel</span> <span class='ocrx_word' id='word_1_147' title='bbox 529 1834 795 1883; x_wconf 87' lang='lat' dir='ltr'>salutariter</span> <span class='ocrx_word' id='word_1_148' title='bbox 813 1834 1026 1897; x_wconf 90' lang='lat' dir='ltr'>recipere</span> <span class='ocrx_word' id='word_1_149' title='bbox 1045 1849 1124 1883; x_wconf 90' lang='lat' dir='ltr'>me</span> <span class='ocrx_word' id='word_1_150' title='bbox 1143 1849 1354 1897; x_wconf 88' lang='lat' dir='ltr'>possem.</span> <span class='ocrx_word' id='word_1_151' title='bbox 1417 1831 1633 1881; x_wconf 84' lang='lat' dir='ltr'>Adiunxi</span> <span class='ocrx_word' id='word_1_152' title='bbox 1650 1831 1770 1879; x_wconf 89' lang='lat' dir='ltr'>haec</span> 
     </span>
     <span class='ocr_line' id='line_1_21' title="bbox 184 1915 1770 1980; baseline -0.003 -15"><span class='ocrx_word' id='word_1_153' title='bbox 184 1919 234 1966; x_wconf 93' lang='lat' dir='ltr'>in</span> <span class='ocrx_word' id='word_1_154' title='bbox 271 1918 382 1966; x_wconf 93' lang='lat' dir='ltr'>loco</span> <span class='ocrx_word' id='word_1_155' title='bbox 418 1917 659 1979; x_wconf 87' lang='lat' dir='ltr'>eligendo,</span> <span class='ocrx_word' id='word_1_156' title='bbox 689 1916 873 1964; x_wconf 90' lang='lat' dir='ltr'>flumen</span> <span class='ocrx_word' id='word_1_157' title='bbox 909 1917 1191 1980; x_wconf 91' lang='lat' dir='ltr'>oppositum</span> <span class='ocrx_word' id='word_1_158' title='bbox 1227 1924 1280 1964; x_wconf 92' lang='lat' dir='ltr'>ut</span> <span class='ocrx_word' id='word_1_159' title='bbox 1314 1916 1560 1973; x_wconf 89' lang='lat' dir='ltr'>haberem,</span> <span class='ocrx_word' id='word_1_160' title='bbox 1584 1915 1635 1961; x_wconf 91' lang='lat' dir='ltr'>in</span> <span class='ocrx_word' id='word_1_161' title='bbox 1671 1928 1770 1977; x_wconf 94' lang='lat' dir='ltr'>quo</span> 
     </span>
     <span class='ocr_line' id='line_1_22' title="bbox 183 1999 1770 2061; baseline -0.003 -13"><span class='ocrx_word' id='word_1_162' title='bbox 183 2016 322 2048; x_wconf 88' lang='lat' dir='ltr'>mora</span> <span class='ocrx_word' id='word_1_163' title='bbox 362 2001 588 2048; x_wconf 87' lang='lat' dir='ltr'>transitus</span> <span class='ocrx_word' id='word_1_164' title='bbox 630 2007 770 2057; x_wconf 88' lang='lat' dir='ltr'>esset,</span> <span class='ocrx_word' id='word_1_165' title='bbox 801 1999 1031 2047; x_wconf 90' lang='lat' dir='ltr'>Vocontii</span> <span class='ocrx_word' id='word_1_166' title='bbox 1070 2001 1161 2048; x_wconf 92' lang='lat' dir='ltr'>sub</span> <span class='ocrx_word' id='word_1_167' title='bbox 1202 2015 1351 2047; x_wconf 91' lang='lat' dir='ltr'>manu</span> <span class='ocrx_word' id='word_1_168' title='bbox 1385 2006 1439 2046; x_wconf 88' lang='lat' dir='ltr'>ut</span> <span class='ocrx_word' id='word_1_169' title='bbox 1475 2005 1651 2057; x_wconf 90' lang='lat' dir='ltr'>essent,</span> <span class='ocrx_word' id='word_1_170' title='bbox 1683 2013 1770 2061; x_wconf 90' lang='lat' dir='ltr'>per</span> 
     </span>
     <span class='ocr_line' id='line_1_23' title="bbox 184 2078 1769 2146; baseline -0.002 -17"><span class='ocrx_word' id='word_1_171' title='bbox 184 2097 392 2146; x_wconf 93' lang='lat' dir='ltr'>quorum</span> <span class='ocrx_word' id='word_1_172' title='bbox 434 2082 543 2130; x_wconf 91' lang='lat' dir='ltr'>loca</span> <span class='ocrx_word' id='word_1_173' title='bbox 591 2081 793 2129; x_wconf 89' lang='lat' dir='ltr'>fideliter</span> <span class='ocrx_word' id='word_1_174' title='bbox 833 2080 952 2128; x_wconf 91' lang='lat' dir='ltr'>mihi</span> <span class='ocrx_word' id='word_1_175' title='bbox 994 2088 1179 2143; x_wconf 91' lang='lat' dir='ltr'>pateret</span> <span class='ocrx_word' id='word_1_176' title='bbox 1226 2081 1324 2128; x_wconf 91' lang='lat' dir='ltr'>iter.</span> <span class='ocrx_word' id='word_1_177' title='bbox 1398 2078 1614 2142; x_wconf 90' lang='lat' dir='ltr'>Lepidus</span> <span class='ocrx_word' id='word_1_178' title='bbox 1662 2079 1769 2127; x_wconf 91' lang='lat' dir='ltr'>des-</span> 
     </span>
     <span class='ocr_line' id='line_1_24' title="bbox 184 2162 1768 2228; baseline -0.002 -16"><span class='ocrx_word' id='word_1_179' title='bbox 184 2172 353 2228; x_wconf 89' lang='lat' dir='ltr'>perato</span> <span class='ocrx_word' id='word_1_180' title='bbox 386 2163 598 2211; x_wconf 91' lang='lat' dir='ltr'>adventu</span> <span class='ocrx_word' id='word_1_181' title='bbox 630 2178 758 2222; x_wconf 88' lang='lat' dir='ltr'>meo,</span> <span class='ocrx_word' id='word_1_182' title='bbox 789 2178 935 2225; x_wconf 93' lang='lat' dir='ltr'>quem</span> <span class='ocrx_word' id='word_1_183' title='bbox 972 2178 1074 2211; x_wconf 90' lang='lat' dir='ltr'>non</span> <span class='ocrx_word' id='word_1_184' title='bbox 1109 2162 1415 2211; x_wconf 90' lang='lat' dir='ltr'>mediocriter</span> <span class='ocrx_word' id='word_1_185' title='bbox 1447 2162 1686 2224; x_wconf 89' lang='lat' dir='ltr'>captabat,</span> <span class='ocrx_word' id='word_1_186' title='bbox 1717 2177 1768 2210; x_wconf 92' lang='lat' dir='ltr'>se</span> 
     </span>
     <span class='ocr_line' id='line_1_25' title="bbox 184 2243 1768 2306; baseline -0.003 -11"><span class='ocrx_word' id='word_1_187' title='bbox 184 2262 297 2295; x_wconf 90' lang='lat' dir='ltr'>cum</span> <span class='ocrx_word' id='word_1_188' title='bbox 331 2245 551 2293; x_wconf 87' lang='lat' dir='ltr'>Antonio</span> <span class='ocrx_word' id='word_1_189' title='bbox 588 2245 838 2293; x_wconf 85' lang='lat' dir='ltr'>coniunxit</span> <span class='ocrx_word' id='word_1_190' title='bbox 875 2261 916 2292; x_wconf 91' lang='lat' dir='ltr'>a.</span> <span class='ocrx_word' id='word_1_191' title='bbox 951 2244 996 2292; x_wconf 94' lang='lat' dir='ltr'>d.</span> <span class='ocrx_word' id='word_1_192' title='bbox 1030 2261 1117 2293; x_wconf 91' lang='lat'>1111.</span> <span class='ocrx_word' id='word_1_193' title='bbox 1142 2244 1253 2292; x_wconf 88' lang='lat' dir='ltr'>Kal.</span> <span class='ocrx_word' id='word_1_194' title='bbox 1279 2244 1460 2301; x_wconf 90' lang='lat' dir='ltr'>Iunias,</span> <span class='ocrx_word' id='word_1_195' title='bbox 1494 2243 1768 2306; x_wconf 89' lang='lat' dir='ltr'>eodemque</span> 
     </span>
     <span class='ocr_line' id='line_1_26' title="bbox 185 2327 1767 2389; baseline -0.003 -12"><span class='ocrx_word' id='word_1_196' title='bbox 185 2329 263 2377; x_wconf 93' lang='lat' dir='ltr'>die</span> <span class='ocrx_word' id='word_1_197' title='bbox 299 2328 362 2376; x_wconf 88' lang='lat' dir='ltr'>ad</span> <span class='ocrx_word' id='word_1_198' title='bbox 396 2343 475 2376; x_wconf 88' lang='lat' dir='ltr'>me</span> <span class='ocrx_word' id='word_1_199' title='bbox 513 2336 667 2377; x_wconf 89' lang='lat' dir='ltr'>castra</span> <span class='ocrx_word' id='word_1_200' title='bbox 702 2335 957 2376; x_wconf 89' lang='lat' dir='ltr'>moverunt</span> <span class='ocrx_word' id='word_1_201' title='bbox 974 2343 986 2386; x_wconf 89' lang='lat'>;</span> <span class='ocrx_word' id='word_1_202' title='bbox 1027 2327 1193 2389; x_wconf 85' lang='lat' dir='ltr'>viginti</span> <span class='ocrx_word' id='word_1_203' title='bbox 1229 2327 1359 2374; x_wconf 90' lang='lat' dir='ltr'>milia</span> <span class='ocrx_word' id='word_1_204' title='bbox 1386 2341 1620 2388; x_wconf 87' lang='lat' dir='ltr'>passuum</span> <span class='ocrx_word' id='word_1_205' title='bbox 1657 2341 1767 2374; x_wconf 90' lang='lat' dir='ltr'>cum</span> 
     </span>
     <span class='ocr_line' id='line_1_27' title="bbox 184 2407 1770 2470; baseline -0.001 -12"><span class='ocrx_word' id='word_1_206' title='bbox 184 2411 423 2468; x_wconf 88' lang='lat' dir='ltr'>abessent,</span> <span class='ocrx_word' id='word_1_207' title='bbox 461 2425 537 2457; x_wconf 91' lang='lat' dir='ltr'>res</span> <span class='ocrx_word' id='word_1_208' title='bbox 570 2409 689 2457; x_wconf 88' lang='lat' dir='ltr'>mihi</span> <span class='ocrx_word' id='word_1_209' title='bbox 726 2410 943 2457; x_wconf 86' lang='lat' dir='ltr'>nuntiata</span> <span class='ocrx_word' id='word_1_210' title='bbox 979 2416 1064 2457; x_wconf 90' lang='lat' dir='ltr'>est.</span> <span class='ocrx_word' id='word_1_211' title='bbox 1139 2424 1182 2470; x_wconf 84' lang='lat'>3.</span> <span class='ocrx_word' id='word_1_212' title='bbox 1219 2407 1348 2456; x_wconf 90' lang='lat' dir='ltr'>Dedi</span> <span class='ocrx_word' id='word_1_213' title='bbox 1384 2423 1584 2470; x_wconf 90' lang='lat' dir='ltr'>operam</span> <span class='ocrx_word' id='word_1_214' title='bbox 1622 2407 1770 2456; x_wconf 82' lang='lat' dir='ltr'>deum.</span> 
     </span>
     <span class='ocr_line' id='line_1_28' title="bbox 183 2489 1766 2554; baseline -0.001 -14"><span class='ocrx_word' id='word_1_215' title='bbox 183 2491 493 2554; x_wconf 87' lang='lat' dir='ltr'>benignitate,</span> <span class='ocrx_word' id='word_1_216' title='bbox 517 2500 571 2539; x_wconf 91' lang='lat' dir='ltr'>ut</span> <span class='ocrx_word' id='word_1_217' title='bbox 603 2499 651 2539; x_wconf 91' lang='lat' dir='ltr'>et</span> <span class='ocrx_word' id='word_1_218' title='bbox 686 2491 902 2540; x_wconf 87' lang='lat' dir='ltr'>celeriter</span> <span class='ocrx_word' id='word_1_219' title='bbox 933 2506 1013 2538; x_wconf 92' lang='lat' dir='ltr'>me</span> <span class='ocrx_word' id='word_1_220' title='bbox 1046 2490 1311 2552; x_wconf 90' lang='lat' dir='ltr'>reciperem</span> <span class='ocrx_word' id='word_1_221' title='bbox 1344 2497 1391 2538; x_wconf 87' lang='lat' dir='ltr'>et</span> <span class='ocrx_word' id='word_1_222' title='bbox 1415 2489 1493 2537; x_wconf 91' lang='lat' dir='ltr'>hic</span> <span class='ocrx_word' id='word_1_223' title='bbox 1525 2489 1766 2539; x_wconf 89' lang='lat' dir='ltr'>discessus</span> 
     </span>
     <span class='ocr_line' id='line_1_29' title="bbox 184 2573 1766 2636; baseline -0.001 -14"><span class='ocrx_word' id='word_1_224' title='bbox 184 2574 301 2622; x_wconf 89' lang='lat' dir='ltr'>nihil</span> <span class='ocrx_word' id='word_1_225' title='bbox 343 2573 486 2636; x_wconf 87' lang='lat' dir='ltr'>fugae</span> <span class='ocrx_word' id='word_1_226' title='bbox 529 2574 681 2622; x_wconf 90' lang='lat' dir='ltr'>simile</span> <span class='ocrx_word' id='word_1_227' title='bbox 722 2574 934 2632; x_wconf 89' lang='lat' dir='ltr'>haberet,</span> <span class='ocrx_word' id='word_1_228' title='bbox 971 2589 1072 2622; x_wconf 91' lang='lat' dir='ltr'>non</span> <span class='ocrx_word' id='word_1_229' title='bbox 1111 2573 1249 2622; x_wconf 92' lang='lat' dir='ltr'>miles</span> <span class='ocrx_word' id='word_1_230' title='bbox 1290 2573 1427 2632; x_wconf 92' lang='lat' dir='ltr'>ullus,</span> <span class='ocrx_word' id='word_1_231' title='bbox 1465 2588 1566 2621; x_wconf 92' lang='lat' dir='ltr'>non</span> <span class='ocrx_word' id='word_1_232' title='bbox 1602 2587 1766 2636; x_wconf 91' lang='lat' dir='ltr'>eques,</span> 
     </span>
     <span class='ocr_line' id='line_1_30' title="bbox 185 2655 1767 2720; baseline -0.002 -15"><span class='ocrx_word' id='word_1_233' title='bbox 185 2672 286 2705; x_wconf 88' lang='lat' dir='ltr'>non</span> <span class='ocrx_word' id='word_1_234' title='bbox 323 2656 583 2720; x_wconf 89' lang='lat' dir='ltr'>quicquam</span> <span class='ocrx_word' id='word_1_235' title='bbox 626 2655 1086 2718; x_wconf 91' lang='lat' dir='ltr'>impedimentorum</span> <span class='ocrx_word' id='word_1_236' title='bbox 1125 2657 1419 2704; x_wconf 89' lang='lat' dir='ltr'>amitteretur</span> <span class='ocrx_word' id='word_1_237' title='bbox 1458 2663 1540 2703; x_wconf 91' lang='lat' dir='ltr'>aut</span> <span class='ocrx_word' id='word_1_238' title='bbox 1581 2656 1643 2702; x_wconf 89' lang='lat' dir='ltr'>ab</span> <span class='ocrx_word' id='word_1_239' title='bbox 1679 2655 1767 2703; x_wconf 92' lang='lat' dir='ltr'>illis</span> 
     </span>
     <span class='ocr_line' id='line_1_31' title="bbox 187 2735 1767 2802; baseline -0.001 -16"><span class='ocrx_word' id='word_1_240' title='bbox 187 2739 476 2787; x_wconf 91' lang='lat' dir='ltr'>ferventibus</span> <span class='ocrx_word' id='word_1_241' title='bbox 512 2738 777 2786; x_wconf 89' lang='lat' dir='ltr'>latronibus</span> <span class='ocrx_word' id='word_1_242' title='bbox 820 2739 1192 2802; x_wconf 87' lang='lat' dir='ltr'>interciperetur.</span> <span class='ocrx_word' id='word_1_243' title='bbox 1264 2738 1433 2802; x_wconf 89' lang='lat' dir='ltr'>Itaque</span> <span class='ocrx_word' id='word_1_244' title='bbox 1470 2735 1626 2801; x_wconf 87' lang='lat' dir='ltr'>pridie</span> <span class='ocrx_word' id='word_1_245' title='bbox 1664 2736 1767 2785; x_wconf 92' lang='lat' dir='ltr'>No-</span> 
     </span>
     <span class='ocr_line' id='line_1_32' title="bbox 186 2821 1766 2885; baseline 0 -17"><span class='ocrx_word' id='word_1_246' title='bbox 186 2836 273 2870; x_wconf 87' lang='lat' dir='ltr'>nas</span> <span class='ocrx_word' id='word_1_247' title='bbox 307 2821 471 2869; x_wconf 87' lang='lat' dir='ltr'>Iunias</span> <span class='ocrx_word' id='word_1_248' title='bbox 509 2836 680 2868; x_wconf 90' lang='lat' dir='ltr'>omnes</span> <span class='ocrx_word' id='word_1_249' title='bbox 719 2821 885 2884; x_wconf 90' lang='lat' dir='ltr'>copias</span> <span class='ocrx_word' id='word_1_250' title='bbox 911 2821 1097 2870; x_wconf 87' lang='lat' dir='ltr'>Isaram</span> <span class='ocrx_word' id='word_1_251' title='bbox 1135 2822 1294 2871; x_wconf 88' lang='lat' dir='ltr'>traieci</span> <span class='ocrx_word' id='word_1_252' title='bbox 1330 2829 1617 2885; x_wconf 88' lang='lat' dir='ltr'>pontesque,</span> <span class='ocrx_word' id='word_1_253' title='bbox 1644 2834 1766 2884; x_wconf 92' lang='lat' dir='ltr'>quos</span> 
     </span>
    </p>

    <p class='ocr_par' dir='ltr' id='par_1_6' title="bbox 934 2917 1018 2952">
     <span class='ocr_line' id='line_1_33' title="bbox 934 2917 1018 2952; baseline -0.024 0"><span class='ocrx_word' id='word_1_254' title='bbox 934 2917 965 2952; x_wconf 80' lang='lat' dir='ltr'>&#39;r</span> <span class='ocrx_word' id='word_1_255' title='bbox 993 2918 1018 2950; x_wconf 87' lang='lat'><em>2</em></span> 
     </span>
    </p>
   </div>
  </div>
 </body>
</html>
