2040 3048
247 91 344 160 156
696 105 756 148 M.
803 104 1002 144 TULLH
1042 107 1354 147 CICERONIS
1602 96 1715 166 [Pars
1743 109 1819 147 111:

562 291 638 335 64.
713 286 807 334 AD
845 286 1168 335 ATTICUM
1206 288 1293 335 IX.
1338 304 1392 336 11
1435 289 1493 337 A.

244 384 346 432 Sca.
375 398 424 431 m
449 382 707 432 FORmANo
726 398 825 431 Am.
846 398 919 430 xv.
943 380 1000 448 (?)
1022 382 1291 433 KALENDAS
1311 384 1526 432 APRILES
1546 399 1683 434 A.u.c.
1706 398 1816 446 705.

635 486 805 520 CICERO
840 486 936 519 ιΜΡ.
961 485 996 519 s.
1023 486 1070 520 D.
1095 486 1295 521 CAESAnr
1330 487 1428 519 ΙΜΡ.

313 584 351 616 1.
381 565 458 615 U‘r
482 566 577 629 legi
602 575 707 615 tuas
726 567 916 626 litteras,
935 583 1056 631 quas
1076 583 1105 615 a
1128 567 1310 617 Furnio
1329 577 1497 617 nostro
1516 584 1815 632 acceperam,

239 649 412 712 quibus
448 664 641 697 mecum
677 650 874 712 agebas,
910 658 962 698 ut
997 650 1060 698 ad
1095 650 1266 698 urbem
1300 666 1474 710 essem,
1511 659 1557 698 te
1593 651 1714 699 velle
1748 651 1816 699 uti

240 731 444 779 consilio
470 739 517 779 et
542 731 772 793 dignitate
796 746 920 790 mea,
940 732 1099 780 minus
1125 747 1234 780 sum
1259 732 1522 780 admiratus
1543 749 1554 780 z
1580 732 1640 780 de
1665 734 1817 795 gratia

240 821 286 861 et
317 814 377 861 de
410 828 504 875 ope
538 813 655 875 quid
689 813 1001 875 significares,
1027 829 1221 862 mecum
1256 814 1361 876 ipse
1397 816 1704 876 quaerebam,
1730 830 1817 878 spe

240 903 403 942 tamen
451 894 726 942 deducebar
768 894 831 942 ad
872 909 980 942 eam
1023 895 1383 957 cogitationem,
1422 905 1476 943 ut
1515 905 1562 945 te
1603 912 1692 959 pro
1735 907 1818 944 tua

240 976 506 1025 admirabili
532 991 589 1024 ac
613 977 840 1039 singulari
867 977 1105 1039 sapientia
1130 978 1190 1025 de
1215 978 1328 1036 otio,
1355 977 1415 1025 de
1442 993 1577 1040 pace,
1605 978 1666 1027 de
1701 994 1816 1027 con-

240 1059 407 1107 cordia
441 1059 614 1107 civium
657 1059 735 1121 agi
777 1058 895 1106 velle
937 1059 1202 1114 arbitrarer,
1239 1067 1286 1107 et
1326 1059 1390 1106 ad
1431 1074 1540 1108 eam
1579 1061 1817 1108 rationem

241 1141 577 1189 existimabam
616 1142 730 1189 satis
773 1149 936 1203 aptam
978 1156 1085 1189 esse
1126 1149 1173 1188 et
1213 1149 1433 1189 naturam
1470 1150 1518 1190 et
1558 1158 1817 1205 personam

242 1238 414 1271 meam.
492 1239 536 1272 2.
576 1221 727 1281 Quod
752 1223 790 1270 si
815 1223 881 1270 ita
906 1231 977 1270 est
1010 1230 1058 1270 et
1091 1222 1130 1271 si
1155 1237 1251 1285 qua
1286 1223 1346 1271 de
1379 1222 1617 1286 Pompeio
1650 1235 1816 1273 nostro

243 1305 424 1354 tuendo
476 1313 524 1353 et
574 1306 660 1353 tibi
712 1320 769 1353 ac
820 1305 888 1352 rei
935 1305 1156 1367 publicae
1203 1306 1564 1355 reconciliando
1611 1322 1725 1356 cura
1770 1316 1817 1356 te

243 1388 445 1451 attingit,
471 1387 627 1449 magis
652 1387 897 1446 idoneum,
924 1403 1070 1450 quam
1104 1402 1198 1450 ego
1233 1402 1355 1445 sum,
1381 1388 1443 1436 ad
1475 1403 1585 1436 eam
1621 1404 1817 1437 causam

243 1470 462 1533 profecto
487 1470 697 1532 reperies
721 1469 981 1527 neminem,
1007 1470 1089 1531 qui
1124 1477 1172 1517 et
1208 1469 1271 1515 illi
1308 1484 1499 1533 semper
1533 1478 1581 1518 et
1617 1472 1816 1529 senatui,

243 1568 355 1601 cum
390 1552 599 1615 primum
634 1552 783 1613 potui,
821 1551 953 1613 pacis
990 1559 1158 1599 auctor
1193 1551 1273 1609 fui,
1306 1567 1398 1600 nec
1432 1553 1637 1615 sumptis
1673 1555 1818 1601 armis

243 1635 355 1682 belli
382 1634 528 1681 ullam
560 1640 748 1696 partem
783 1634 931 1695 attigi,
959 1633 1259 1695 iudicavique
1296 1647 1356 1680 eo
1393 1634 1520 1681 bello
1556 1642 1603 1682 te
1637 1635 1817 1694 violari,

244 1725 413 1767 eontra
437 1716 571 1764 cuius
590 1716 830 1764 honorem
853 1715 1020 1778 populi
1041 1715 1252 1762 Romani
1270 1715 1507 1763 beneficio
1528 1730 1817 1764 concessum

244 1799 423 1848 inimici
448 1806 590 1861 atque
623 1798 768 1845 invidi
801 1798 1076 1845 niterentur.
1151 1796 1247 1844 Sed
1278 1805 1330 1844 ut
1366 1812 1425 1845 eo
1461 1805 1680 1860 tempore
1717 1813 1817 1846 non

243 1881 394 1929 modo
426 1881 530 1944 ipse
563 1879 720 1927 fautor
753 1879 996 1940 dignitatis
1028 1887 1139 1926 tuae
1172 1878 1253 1937 fui,
1277 1894 1442 1926 verum
1474 1880 1617 1926 etiam
1650 1881 1817 1928 ceteris

244 1971 409 2012 auctor
437 1962 500 2010 ad
532 1970 578 2010 te
611 1961 952 2020 adiuvandum,
978 1961 1045 2009 sic
1077 1976 1156 2008 me
1189 1976 1319 2008 nunc
1358 1962 1575 2023 Pompeii
1611 1962 1817 2024 dignitas

245 2045 553 2094 vehementer
581 2052 741 2091 movet
755 2059 769 2102 ;
807 2043 989 2105 aliquot
1019 2043 1149 2090 enim
1179 2051 1292 2090 sunt
1316 2043 1445 2100 anni,
1473 2058 1584 2090 cum
1607 2058 1694 2091 vos
1719 2044 1818 2092 duo

245 2127 414 2188 delegi,
435 2140 558 2188 quos
578 2124 835 2187 praecipue
861 2124 1070 2172 colerem
1095 2131 1142 2171 et
1161 2125 1335 2186 quibus
1361 2139 1533 2181 essem,
1552 2125 1673 2172 sicut
1692 2140 1814 2181 sum,

243 2208 575 2257 amicissimus.
649 2221 693 2267 3.
719 2204 883 2264 Quam
907 2206 971 2253 ob
996 2221 1098 2252 rem
1123 2220 1151 2252 a
1175 2214 1221 2252 te
1247 2213 1360 2267 peto
1383 2205 1457 2252 vel
1482 2206 1641 2267 potius
1661 2207 1815 2254 omni-

245 2294 334 2339 bus
358 2299 405 2338 te
438 2288 659 2351 precibus
691 2301 779 2334 oro
813 2295 860 2334 et
891 2287 1121 2345 obtestor,
1146 2294 1198 2334 ut
1230 2287 1279 2333 in
1312 2286 1404 2334 tuis
1435 2287 1659 2334 maximis
1693 2290 1815 2336 curis

246 2370 424 2434 aliquid
447 2369 692 2432 impertias
716 2369 949 2431 temporis
974 2368 1084 2416 huic
1109 2382 1303 2431 quoque
1329 2368 1624 2429 cogitationi,
1648 2376 1700 2415 ut
1732 2377 1816 2416 tuo

246 2455 483 2505 beneficio
514 2454 675 2502 bonus
707 2453 788 2510 vir,
815 2461 993 2514 gratus,
1018 2452 1126 2515 pius
1160 2452 1370 2514 denique
1405 2466 1512 2499 esse
1545 2451 1594 2498 in
1618 2453 1815 2500 maximi

247 2537 467 2588 beneficii
498 2536 733 2584 memoria
762 2536 946 2597 possim
962 2551 976 2595 3
1013 2549 1136 2597 quae
1170 2535 1209 2581 si
1237 2541 1421 2581 tantum
1451 2533 1514 2581 ad
1545 2549 1625 2582 me
1657 2535 1816 2596 ipsum

248 2621 551 2685 pertinerent,
569 2632 813 2679 sperarem
838 2632 916 2664 me
941 2632 969 2664 a
992 2623 1040 2664 te
1063 2624 1225 2664 tamen
1251 2616 1629 2678 impetraturum,
1651 2615 1749 2672 sed,
1766 2624 1818 2663 ut

249 2703 463 2759 arbitror,
485 2709 531 2747 et
567 2700 629 2746 ad
664 2708 794 2746 tuam
826 2699 970 2746 fidem
1004 2706 1050 2745 et
1085 2697 1147 2745 ad
1182 2713 1284 2744 rem
1321 2697 1562 2759 publicam
1599 2697 1815 2759 pertinet,

251 2797 329 2830 me
375 2794 435 2828 ex
491 2778 656 2842 paucis
703 2786 750 2824 et
796 2778 864 2823 ad
903 2776 1148 2839 utriusque
1191 2783 1402 2823 vestrum
1444 2782 1491 2822 et
1539 2774 1600 2822 ad
1641 2775 1815 2822 civium
