2040 3048
175 130 242 180 Ep.
266 140 356 179 121,
384 117 500 185 122.]
561 127 748 170 EPIST.
775 127 856 166 AD
882 126 1158 168 ATTICUM
1179 127 1301 168 XVI.
1337 132 1412 170 11.
1651 131 1753 186 245

173 270 402 318 superum
437 254 629 313 faciunt,
662 269 782 317 quas
814 262 975 316 sperat
1009 269 1120 302 suas
1155 269 1293 303 esse:
1334 270 1420 302 eae
1453 255 1753 318 congiarium

172 338 234 385 ab
260 337 476 386 Antonio
503 337 720 399 accipere
746 336 1017 395 noluerunt,
1038 344 1089 384 ut
1114 336 1191 384 hic
1218 336 1415 399 quidem
1440 345 1612 397 narrat,
1639 346 1686 385 et
1710 340 1754 386 ei

172 420 433 468 convitium
476 434 620 481 grave
670 418 886 466 fecerunt
935 419 1400 483 contionantemque
1447 420 1752 483 reliquerunt.

173 502 306 561 Quid
345 501 568 565 quaeris?
616 501 791 548 ducem
835 515 886 549 se
930 500 1180 564 profitetur
1223 517 1314 550 nec
1353 517 1446 550 nos
1485 503 1576 550 sibi
1618 510 1753 567 putat

172 585 342 632 deesse
385 590 623 646 oportere.
696 581 941 646 Equidem
985 584 1128 641 suasi,
1165 592 1218 632 ut
1255 583 1467 632 Romam
1504 596 1752 649 pergeret;

171 667 358 715 videtur
393 666 523 713 enim
560 663 677 712 mihi
713 672 760 713 et
795 664 1098 728 plebeculam
1140 666 1377 714 urbanam
1422 675 1484 726 et,
1524 668 1563 715 si
1606 668 1754 717 fidem

171 749 349 807 fecerit,
376 748 521 796 etiam
547 748 707 796 bonos
732 748 860 795 viros
885 762 1051 795 secum
1076 747 1339 797 habiturus.
1413 748 1458 797 O
1486 750 1645 809 Brute,
1671 753 1754 800 ubi

170 832 257 880 es?
295 837 527 895 quantam
559 831 767 892 εὐκαιρίαν
791 830 994 879 amittis!
1035 845 1137 877 non
1160 831 1387 895 equidem
1411 830 1506 879 hoc
1532 832 1753 893 divinavi,

171 915 260 963 sed
293 912 472 977 aliquid
506 911 600 960 tale
635 913 797 976 putavi
834 911 949 960 fore.
1024 912 1169 961 Nune
1207 922 1342 961 tuum
1379 915 1635 963 consilium
1671 933 1755 965 ex-

170 998 323 1062 quiro,
395 995 673 1044 Romamne
709 995 864 1054 veni0,
902 1011 964 1043 an
1001 994 1078 1043 hic
1115 1010 1309 1053 mane0‚
1343 1011 1407 1044 an
1444 997 1754 1062 Arpinum—

170 1082 416 1141 ἀσφάλειαν
459 1077 604 1126 habet
652 1077 692 1126 is
740 1077 1182 1141 locus—fugiam?
1254 1078 1484 1139 Romam,
1528 1096 1590 1129 ne
1631 1081 1754 1130 desi-

170 1161 407 1220 deremur,
444 1162 483 1209 si
519 1159 636 1224 quid
672 1168 832 1209 actum
869 1160 1120 1209 videbitur.
1194 1160 1310 1210 Hoc
1352 1162 1495 1226 igitur
1537 1164 1754 1227 explica:

170 1258 439 1308 numquam
464 1244 514 1291 in
539 1243 721 1291 maiore
745 1244 899 1305 ἀπορίᾳ
924 1242 1001 1290 fui.

504 1376 614 1422 122.
684 1373 780 1420 AD
816 1372 1143 1421 ATTICUM
1179 1373 1316 1424 XVI.
1361 1390 1437 1423 11.

246 1471 355 1522 SCR.
382 1488 432 1521 ΙΝ
467 1471 769 1520 PUTEOLANO
807 1468 964 1518 N0N1s
1000 1468 1357 1520 NOVEMBRIBUS
1394 1487 1530 1523 A.U.c.
1574 1485 1685 1535 710.

695 1575 867 1609 CICERO
904 1574 1081 1608 ATT1co
1117 1575 1218 1608 SAL.

243 1675 285 1708 1.
321 1657 480 1707 Noms
522 1657 688 1719 accepi
724 1671 752 1703 a
788 1663 835 1703 te
872 1656 992 1703 duas
1029 1655 1275 1718 epistolas,
1313 1672 1520 1720 quarum
1557 1659 1755 1711 alteram

170 1741 280 1789 Kal.
311 1740 528 1797 dederas,
557 1739 755 1786 alteram
792 1737 971 1800 pridie:
1010 1737 1153 1800 igitur
1185 1739 1317 1802 prius
1348 1740 1411 1788 ad
1443 1743 1754 1804 superiorem.

171 1823 408 1872 Nostrum
431 1835 558 1883 opus
583 1820 667 1868 tibi
693 1820 886 1882 probari
916 1819 1082 1879 laetor,
1107 1836 1168 1868 ex
1202 1836 1300 1884 quo
1333 1823 1438 1882 ἄνθη
1470 1824 1577 1886 ipsa
1608 1841 1755 1889 posu-

170 1908 261 1965 isti,
288 1919 411 1968 quae
448 1902 564 1950 mihi
600 1902 878 1949 florentiora
915 1909 1025 1949 sunt
1060 1903 1162 1950 visa
1198 1911 1282 1951 tuo
1324 1904 1532 1966 iudicio;
1572 1910 1755 1959 cerulas

171 1989 301 2036 enim
328 1995 434 2034 tuas
459 1985 682 2032 miniatas
707 1984 809 2032 illas
834 1985 1228 2033 extimescebam.
1299 1985 1376 2034 De
1405 1986 1543 2036 Sicca
1572 1990 1636 2038 ita
1669 2001 1754 2052 est,

172 2079 224 2118 ut
249 2069 416 2117 scribis
431 2084 443 2127 ;
471 2071 502 2126 †
526 2075 630 2115 asta
654 2083 712 2115 ea
737 2082 881 2129 aegre
906 2081 986 2115 me
1011 2068 1156 2115 tenui.
1230 2067 1402 2131 Itaque
1435 2072 1755 2136 perstringam

173 2154 276 2201 sine
324 2151 420 2198 ulla
467 2149 758 2198 contumelia
810 2148 977 2196 Siccae
1026 2156 1106 2196 aut
1157 2149 1434 2212 Septimiae,
1471 2161 1655 2203 tantum
1705 2167 1757 2206 ut

173 2235 327 2282 sciant
362 2234 509 2281 παῖδες
548 2233 724 2286 παίδων,
764 2232 867 2280 sine
910 2231 1034 2280 vallo
1078 2231 1345 2292 Luciliano,
1383 2249 1495 2282 eum
1532 2251 1592 2284 ex
1630 2237 1755 2288 Galli

172 2316 311 2365 Fadii
349 2315 446 2363 filia
491 2314 668 2362 liberos
715 2313 954 2362 habuisse.
1028 2314 1191 2377 Atque
1234 2316 1419 2364 utinam
1466 2332 1579 2365 eum
1627 2319 1755 2368 diem

172 2398 376 2456 videam,
414 2411 525 2444 cum
567 2397 669 2448 ista.
698 2397 853 2445 oratio
895 2397 961 2444 ita
1002 2395 1149 2444 libere
1185 2406 1397 2460 vagetur,
1435 2405 1488 2447 ut
1522 2400 1667 2448 etiam
1706 2403 1756 2450 in

175 2482 343 2530 Siccae
370 2480 572 2528 domum
598 2480 829 2528 introeat!
869 2479 954 2528 sed
984 2479 1063 2527 illo
1098 2488 1318 2543 tempore
1350 2496 1476 2544 opus
1510 2491 1596 2542 est,
1622 2486 1757 2547 quod

174 2564 260 2612 suit
303 2563 392 2610 illis
433 2578 502 2611 111.
539 2562 662 2611 viris.
735 2562 934 2621 Moriar,
972 2562 1064 2610 nisi
1104 2562 1286 2611 facete!
1359 2563 1440 2612 Tu
1475 2581 1588 2614 vero
1624 2567 1756 2630 leges

177 2646 325 2694 Sexto
363 2645 560 2707 eiusque
596 2643 823 2692 iudicium
861 2644 977 2691 mihi
1014 2646 1295 2707 perscribes.
1364 2646 1438 2695 Εἷς
1472 2650 1566 2708 ἐμοὶ
1600 2649 1749 2711 μύριοι,

175 2728 342 2776 Caleni
368 2727 687 2775 interventum
713 2735 759 2774 et
785 2726 1027 2775 Calvenae
1054 2729 1261 2777 cavebis.
1337 2746 1378 2777 2.
1406 2729 1555 2787 Quod
1580 2732 1755 2779 vereris

173 2826 234 2858 ne
280 2811 519 2869 ἀδόλεσχος
567 2808 683 2856 mihi
731 2817 794 2867 tu,
834 2810 939 2873 quis
988 2809 1183 2858 minus?
1221 2811 1312 2870 cui,
1349 2820 1401 2859 ut
1442 2811 1756 2875 Aristophani
