2040 3048
287 87 356 153 46
734 97 796 136 M.
841 95 1044 134 TULLII
1080 94 1390 133 CICERONIS
1680 82 1794 148 [Pars
1819 93 1851 134 1.

287 229 490 292 aliquid!
526 229 677 277 multa
701 227 945 276 occultant
968 234 1078 274 tuae
1101 226 1296 284 litterae,
1323 225 1485 283 credo,
1511 240 1574 273 ne
1598 223 1855 271 vehemen-

286 311 379 358 tius
408 311 743 373 desperatione
777 310 1038 372 perturber.
1098 307 1233 367 Quid
1268 308 1398 355 enim
1431 307 1563 354 vides
1596 307 1675 367 agi
1709 320 1856 368 posse

286 402 365 440 aut
390 407 488 454 quo
512 392 695 440 modo?
731 406 817 454 per
842 391 1162 438 senatumne?
1200 399 1273 438 ast
1295 398 1396 437 tute
1422 389 1650 451 scripsisti
1675 387 1738 435 ad
1761 402 1855 444 me,

285 474 533 536 quoddam
559 481 703 536 caput
734 473 854 535 legis
878 471 1105 520 Clodium
1142 473 1192 519 in
1229 473 1388 520 curiae
1424 480 1562 534 poste
1589 470 1766 527 fixisse,
1792 485 1854 517 NE

286 570 494 603 REFERR1
529 570 656 603 NEVE
691 570 788 603 mcr
823 570 1044 603 LICERET.
1117 553 1233 613 Quo
1258 552 1409 601 modo
1445 553 1586 614 igitur
1610 551 1854 599 Domitius

287 652 338 684 se
364 637 481 684 dixit
504 636 800 684 relaturum?
838 650 936 698 quo
961 635 1112 683 modo
1138 645 1298 683 autem
1326 635 1398 692 iis,
1425 649 1548 696 quos
1585 641 1637 681 tu
1673 633 1854 689 scribis,

286 726 334 765 et
357 717 417 765 de
440 733 492 765 re
517 718 788 766 dicentibus
814 726 874 775 et,
899 726 951 765 ut
974 717 1237 775 referretur,
1269 716 1623 785 postulantibus
1654 714 1855 763 Clodius

286 799 467 848 tacuit?
519 814 591 858 ac,
639 800 678 847 si
716 815 803 862 per
843 799 1093 862 populum,
1135 799 1373 862 poteritne
1412 798 1504 846 nisi
1536 798 1596 846 de
1635 797 1856 845 omnium

286 882 586 929 tribunorum
611 881 677 943 pl.
698 881 965 929 sententia?
1001 880 1118 943 quid
1143 881 1203 928 de
1227 880 1403 928 bonis?
1440 879 1558 942 quid
1582 878 1642 927 de
1668 878 1855 927 domo?

287 964 523 1024 poteritne
548 963 762 1010 restitui?
800 971 895 1020 aut,
924 963 962 1010 si
986 977 1088 1009 non
1111 962 1301 1024 poterit,
1338 969 1535 1023 egomet
1569 975 1668 1023 quo
1705 961 1856 1008 modo

287 1044 492 1105 potero?
576 1042 716 1091 Haec
755 1044 847 1091 nisi
888 1044 1021 1091 vides
1059 1042 1289 1105 expediri,
1331 1057 1479 1105 quam
1515 1042 1567 1089 in
1605 1057 1742 1104 spem
1776 1057 1857 1090 me

287 1125 467 1173 vocas?
505 1125 578 1173 sin
597 1133 759 1173 autern
782 1125 885 1188 spei
908 1124 1026 1173 nihil
1049 1133 1135 1178 est,
1156 1139 1279 1187 quae
1302 1131 1376 1172 est
1399 1123 1517 1170 mihi
1540 1123 1670 1171 vita?
1694 1123 1856 1186 itaque

288 1214 519 1268 exspecto
567 1206 947 1255 Thessalonicae
1017 1214 1124 1254 acta
1183 1204 1292 1254 Kal.
1355 1205 1503 1259 Sext„
1563 1221 1625 1253 ex
1682 1206 1858 1268 quibus

289 1296 496 1336 statuam
540 1288 591 1336 in
632 1295 807 1336 tuosne
848 1303 993 1350 agros
1039 1287 1330 1349 confugiam,
1371 1295 1424 1334 ut
1470 1301 1629 1349 neque
1666 1287 1857 1335 videam

287 1370 522 1430 homines,
548 1386 670 1433 quos
696 1371 860 1429 nolim,
887 1379 934 1418 et
969 1378 1029 1428 te,
1054 1379 1108 1418 ut
1143 1369 1326 1427 scribis,
1351 1369 1540 1416 videam
1575 1377 1624 1417 et
1657 1370 1858 1434 propius

288 1453 394 1512 sim,
442 1453 482 1502 si
529 1453 645 1515 quid
686 1453 1070 1516 agatur—idque
1118 1451 1329 1500 intellexi
1354 1466 1466 1499 cum
1505 1451 1606 1510 tibi,
1648 1460 1752 1500 tum
1793 1452 1857 1513 Q.

288 1534 417 1582 fratri
440 1534 710 1596 placere—,
737 1550 800 1582 an
825 1535 997 1582 abeam
1021 1533 1267 1597 Cyzicum.
1330 1544 1376 1594 7.
1413 1532 1572 1593 Nune,
1597 1533 1856 1597 Pomponi,

289 1617 522 1680 quoniam
567 1616 684 1664 nihil
730 1617 981 1679 impertisti
1026 1624 1137 1664 tuae
1191 1615 1473 1679 prudentiae
1530 1616 1595 1664 ad
1654 1616 1858 1665 salutern

288 1710 463 1755 meam,
484 1698 617 1760 quod
641 1705 722 1747 aut
745 1698 795 1744 in
819 1714 898 1746 me
921 1699 1030 1761 ipso
1056 1699 1169 1746 satis
1194 1713 1298 1747 esse
1324 1698 1510 1746 consilii
1535 1698 1754 1747 decreras
1778 1707 1861 1747 aut

289 1788 335 1827 te
373 1779 487 1827 nihil
528 1780 637 1842 plus
677 1779 794 1827 mihi
835 1780 1009 1828 debere
1047 1795 1194 1844 quam
1231 1788 1283 1827 ut
1318 1787 1511 1842 praesto
1553 1795 1700 1838 esses,
1737 1796 1860 1844 quo-

289 1863 516 1924 niamque
557 1876 653 1923 ego
699 1861 926 1924 proditus,
968 1861 1206 1919 inductus,
1249 1862 1497 1910 coniectus
1534 1862 1584 1909 in
1624 1862 1857 1921 fraudem,

290 1943 454 1991 omnia
498 1958 608 1991 mea
655 1943 893 2006 praesidia
943 1943 1149 2005 neglexi,
1198 1951 1351 1991 totam
1398 1944 1586 1992 Italiam
1637 1941 1708 2009 [in
1754 1942 1855 2011 me]

290 2033 498 2074 erectam
545 2025 607 2073 ad
652 2040 732 2072 me
789 2024 1150 2072 defendendum
1209 2025 1401 2073 destitui
1459 2034 1506 2073 et
1551 2026 1732 2087 reliqui,
1781 2042 1860 2075 me

291 2121 524 2169 meosque
553 2106 675 2155 meis
707 2106 881 2154 tradidi
913 2106 1120 2155 inimicis
1151 2107 1452 2169 inspectante
1489 2115 1537 2155 et
1571 2115 1760 2155 tacente
1797 2116 1858 2167 te,

292 2190 388 2252 qui,
414 2189 453 2237 si
477 2203 579 2238 non
603 2188 711 2251 plus
735 2188 930 2251 ingenio
954 2188 1147 2236 valebas
1176 2203 1324 2250 quam
1360 2203 1469 2250 ego,
1494 2196 1621 2236 certe
1656 2190 1860 2239 timebas

293 2271 451 2319 minus
467 2285 483 2318 :·
533 2271 572 2318 si
612 2278 767 2333 poteS‚
804 2270 933 2332 erige
970 2270 1189 2318 adflictos
1222 2279 1269 2318 et
1302 2270 1353 2317 in
1388 2285 1449 2318 eo
1484 2285 1577 2318 nos
1614 2270 1749 2331 iuva3
1786 2273 1861 2320 sin

292 2353 459 2400 omnia
500 2359 610 2400 sunt
647 2353 906 2411 obstructa,
953 2351 1003 2398 id
1039 2352 1199 2414 ipsum
1233 2351 1310 2400 fac
1348 2359 1401 2399 ut
1439 2352 1651 2400 sciamus
1690 2360 1738 2400 et
1769 2368 1860 2402 nos

293 2433 552 2496 aliquando
600 2442 682 2482 aut
727 2435 980 2495 obiurgare
1027 2442 1109 2480 aut
1156 2433 1356 2481 comiter
1396 2433 1636 2481 consolari
1679 2434 1859 2483 desine.

295 2515 405 2578 Ego
430 2515 470 2563 si
492 2523 625 2563 tuam
660 2514 807 2563 fidem
843 2530 1135 2573 accusarem,
1173 2530 1276 2562 non
1311 2530 1390 2563 me
1425 2515 1731 2577 potissimum
1767 2517 1859 2564 tuis

293 2597 429 2645 tectis
454 2598 733 2645 crederem:
756 2605 932 2646 'meam
954 2599 1215 2645 amentiam
1242 2612 1433 2654 accuso,
1459 2597 1592 2659 quod
1616 2613 1645 2644 a
1680 2605 1726 2644 te
1755 2606 1859 2645 tan-

294 2689 395 2727 tum
442 2695 508 2725 me
555 2681 716 2738 amari,
765 2688 999 2742 quantum
1048 2694 1141 2742 ego
1182 2679 1367 2736 vellem,
1407 2679 1593 2740 putavi;
1650 2679 1782 2740 quod
1820 2681 1858 2727 si

295 2760 473 2818 suisset,
511 2760 656 2808 fidem
693 2761 915 2819 eandem,
951 2774 1115 2808 curam
1156 2760 1389 2807 maiorem
1432 2759 1743 2818 adhibuisseS,
1780 2775 1857 2808 me
