2040 3048
200 153 411 229 Ep.114.]
527 167 714 208 EPIST.
753 167 836 205 AD
872 166 1240 206 FAMILIARES
1278 168 1357 205 xz.
1403 156 1486 207 28.
1595 140 1598 144 ⁴
1675 169 1776 223 233

503 359 612 404 114.
683 355 779 403 AD
815 355 1240 404 FAMILIARES
1277 354 1364 403 XI.
1408 355 1483 403 28.

354 451 466 501 ScR.
505 451 685 500 ROMAE
722 466 946 499 EXEUNTE
981 467 1137 500 MENSE
1174 451 1314 500 ΜΑιο
1350 465 1489 500 Α.υ.ο.
1527 459 1642 510 710.

694 555 876 589 MATws
911 555 1135 589 CICERONI
1170 554 1272 588 SAL.

276 654 316 686 1.
361 637 591 687 MAGNAM
649 637 943 700 voluptatem
998 653 1057 684 ex
1105 637 1199 684 tuis
1246 637 1411 684 litteris
1460 637 1582 698 cepi,
1630 636 1780 698 quod,

194 734 342 782 quam
371 734 618 782 speraram
649 727 792 781 atque
826 728 1063 781 optaram,
1090 718 1266 766 habere
1293 727 1339 766 te
1377 718 1436 765 de
1470 733 1550 766 me
1588 717 1780 780 opinio·

195 818 308 850 nem
347 801 555 865 cognovi
574 817 586 860 3
626 801 686 849 de
723 816 821 864 qua
856 802 945 849 etsi
981 817 1082 849 non
1119 800 1417 859 dubitabam,
1453 808 1630 858 tamen,
1666 800 1780 862 quia

193 885 393 932 maximi
435 884 767 942 aestimabam,
804 892 858 932 ut
898 884 1179 946 incorrupta
1213 892 1446 942 maneret,
1483 884 1779 931 laborabam.

196 965 435 1014 Conscius
465 974 628 1013 autem
660 965 778 1013 mihi
805 981 939 1013 eram
975 965 1091 1012 nihil
1121 981 1150 1013 a
1185 980 1265 1013 me
1302 966 1620 1014 commissum
1657 979 1778 1022 esse,

194 1048 329 1112 quod
376 1047 493 1096 boni
540 1048 826 1110 cuiusquam
878 1047 1148 1095 offenderet
1204 1047 1450 1095 animum:
1511 1061 1572 1094 eo
1619 1045 1782 1092 minus

196 1130 455 1178 credebam
508 1129 723 1192 plurimis
772 1138 916 1192 atque
976 1130 1175 1191 optimis
1234 1129 1416 1176 artibus
1475 1136 1649 1176 ornato
1696 1127 1780 1174 tibi

196 1221 377 1260 temere
402 1211 665 1274 quicquam
690 1211 966 1273 persuaderi
992 1212 1222 1273 potuisse,
1250 1211 1535 1273 praesertim
1558 1211 1608 1258 in
1633 1224 1780 1274 quern

196 1308 307 1341 mea
348 1307 592 1355 propensa
633 1300 681 1339 et
720 1302 956 1355 perpetua
993 1293 1161 1341 fuisset
1208 1301 1353 1356 atque
1401 1301 1528 1342 esset
1569 1293 1781 1341 benevo-

196 1376 368 1434 lentia3
423 1374 555 1437 quod
593 1375 839 1436 quoniam,
882 1385 933 1422 ut
971 1375 1113 1430 volui,
1159 1375 1261 1423 scio
1303 1391 1424 1435 esse,
1468 1372 1780 1437 respondebo

198 1458 490 1515 criminibus,
529 1456 704 1518 quibus
739 1466 791 1504 tu
830 1471 921 1519 pro
957 1472 1050 1515 me,
1089 1465 1141 1504 ut
1175 1471 1263 1520 par
1298 1465 1400 1506 erat
1434 1466 1517 1504 tua
1553 1454 1784 1517 singulari

197 1539 411 1587 bonitate
458 1546 506 1585 et
560 1538 768 1585 amicitia
825 1547 1003 1597 nostra,
1052 1554 1198 1601 saepe
1254 1539 1480 1587 restitisti.
1556 1554 1599 1587 2.
1652 1536 1784 1585 Nota

199 1622 329 1670 enim
353 1619 470 1667 mihi
495 1628 619 1676 sunt,
646 1634 770 1681 quae
795 1620 845 1666 in
871 1635 948 1667 me
980 1631 1091 1682 post
1117 1620 1338 1669 Caesaris
1373 1629 1581 1668 mortem
1614 1628 1784 1667 contu-

199 1705 364 1752 lerint:
401 1703 514 1750 vitio
551 1701 668 1749 mihi
705 1702 833 1760 dant,
865 1703 999 1766 quod
1034 1712 1241 1752 mortem
1278 1703 1489 1751 hominis
1525 1701 1782 1751 necessarii

202 1786 406 1849 graviter
442 1784 544 1832 fero
581 1794 726 1847 atque
762 1800 888 1842 eum,
928 1800 1074 1847 quem
1111 1785 1269 1844 dilexi,
1306 1786 1488 1847 perisse
1523 1785 1783 1847 indignor;

202 1870 334 1917 aiunt
357 1867 488 1915 enim
512 1867 714 1928 patriam
742 1867 977 1915 amicitiae
1002 1868 1402 1930 praeponendam
1432 1882 1553 1924 esse,
1581 1866 1787 1929 proinde

203 1965 259 1999 ac
296 1950 334 1998 si
362 1949 460 1997 iam
484 1949 680 1996 vicerint
717 1949 904 1996 obitum
941 1949 1044 1996 eius
1080 1950 1147 1997 rei
1172 1949 1392 2012 publicae
1426 1949 1573 1997 fuisse
1606 1949 1788 1996 utilem.

206 2032 303 2080 Sed
349 2045 452 2079 non
499 2046 642 2092 agam
692 2039 875 2078 astute:
937 2030 1090 2079 fateor
1136 2047 1216 2078 me
1272 2032 1334 2079 ad
1382 2032 1526 2079 istum
1583 2031 1789 2093 gradum

205 2114 468 2177 sapientiae
491 2128 593 2161 non
617 2114 920 2176 pervenisse;
959 2129 1117 2177 neque
1150 2114 1284 2161 enim
1316 2112 1578 2162 Caesarem
1610 2114 1659 2160 in
1696 2113 1789 2160 dis-

206 2196 433 2245 sensione
471 2194 591 2242 civili
628 2210 736 2242 sum
775 2203 982 2254 secutus,
1022 2196 1108 2243 sed
1145 2196 1370 2255 amicum,
1406 2211 1704 2258 quamquam
1740 2211 1790 2243 re

206 2277 501 2334 offendebar,
542 2286 706 2324 tamen
749 2292 851 2325 non
891 2277 1095 2335 deserui,
1136 2292 1294 2339 neque
1337 2278 1518 2325 bellum
1557 2293 1791 2340 umquam

208 2359 342 2407 civile
369 2367 450 2406 aut
475 2359 620 2407 etiam
653 2374 851 2407 causam
885 2359 1200 2407 dissensionis
1227 2359 1439 2420 probavi,
1467 2374 1614 2421 quam
1647 2358 1790 2406 etiam

207 2449 489 2490 nascentem
528 2442 767 2502 exstingui
810 2456 1000 2489 summe
1048 2440 1222 2488 studui.
1295 2439 1464 2502 Itaque
1506 2440 1556 2486 in
1597 2440 1790 2488 victoria

210 2523 418 2571 hominis
453 2523 709 2571 necessarii
746 2538 903 2585 neque
929 2522 1128 2570 honoris
1165 2537 1324 2583 neque
1357 2521 1592 2584 pecuniae
1630 2522 1790 2571 dulce-

213 2605 324 2653 dine
372 2619 480 2653 sum
528 2613 709 2667 captus,
753 2606 926 2668 quibus
968 2604 1191 2666 praemiis
1234 2603 1414 2665 reliqui,
1459 2604 1618 2651 minus
1660 2604 1791 2668 apud

211 2701 323 2735 eum
364 2701 510 2749 quam
558 2701 652 2749 ego
699 2702 811 2735 cum
856 2694 1070 2749 possent,
1115 2686 1430 2733 immoderate
1478 2693 1590 2733 sunt
1636 2686 1787 2735 abusi,

213 2768 374 2830 Atque
414 2768 555 2816 etiam
599 2783 675 2816 res
711 2769 954 2817 familiaris
996 2783 1106 2815 mea
1142 2767 1247 2829 lege
1285 2767 1505 2816 Caesaris
1544 2767 1790 2818 deminuta

212 2859 297 2910 est,
326 2851 461 2899 cuius
485 2850 722 2898 beneficio
747 2851 974 2915 plerique,
1001 2851 1084 2915 qui
1109 2849 1329 2898 Caesaris
1362 2858 1515 2898 morte
1540 2850 1789 2913 laetantur,
