2040 3048
284 96 356 146 44
738 93 800 132 M.
847 92 1045 131 TULLII
1082 93 1393 132 CICERONIS
1683 81 1790 151 [Pars
1816 95 1851 135 1.

285 223 542 272 desiderari
579 221 756 286 putas?
795 223 911 271 nolo
949 238 1346 282 commemorare,
1372 224 1548 287 quibus
1583 225 1725 273 rebus
1762 225 1852 272 sim

285 306 530 368 spoliatus,
580 320 681 352 non
729 305 886 353 solum
934 305 1047 368 quia
1088 321 1189 352 non
1230 305 1438 368 ignoras,
1482 307 1567 354 sed
1605 306 1750 354 etiam
1792 322 1854 353 ne

285 387 555 435 rescindam
603 387 707 449 ipse
756 386 974 434 dolorem
1021 402 1212 435 meum:
1266 387 1359 436 hoc
1402 388 1653 446 confirmo,
1696 403 1853 450 neque

285 469 429 517 tantis
469 468 611 517 bonis
653 484 758 516 esse
802 469 1036 531 privatum
1074 485 1368 533 quemquam
1411 485 1567 533 neque
1606 471 1655 517 in
1697 477 1854 518 tantas

284 551 499 599 miserias
546 550 786 599 incidisse.
874 550 992 599 Dies
1035 559 1198 599 autem
1245 567 1346 600 non
1394 551 1543 600 modo
1592 567 1692 600 non
1733 551 1856 599 levat

283 632 464 681 luctum
487 631 631 691 hunc,
658 633 743 680 sed
769 632 913 680 etiam
950 641 1121 695 auget;
1171 649 1284 681 nam
1321 634 1466 682 ceteri
1502 633 1695 682 dolores
1730 633 1855 681 miti-

283 724 456 776 gantur
480 722 727 772 vetustate,
753 713 829 762 hic
857 729 957 762 non
992 723 1152 777 potest
1188 730 1289 763 non
1325 722 1371 763 et
1408 731 1556 764 sensu
1590 714 1855 778 praesentis

284 797 502 845 miseriae
527 805 574 845 et
606 796 939 845 recordatione
976 797 1254 860 praeteritae
1280 797 1401 846 vitae
1426 790 1639 861 quotidie
1664 797 1855 859 augeri:

285 878 506 926 desidero
553 878 683 925 enirn
731 892 832 925 non
879 892 989 926 mea
1035 878 1192 926 solum
1240 893 1398 941 neque
1445 893 1597 937 meOS,
1640 878 1725 926 sed
1777 893 1856 925 me

284 959 458 1020 ipsum.
530 957 663 1017 Quid
687 959 817 1006 enim
842 959 987 1006 sum?
1059 959 1157 1007 Sed
1192 974 1294 1006 non
1326 958 1502 1007 faciam
1534 967 1586 1006 ut
1614 966 1695 1007 aut
1722 967 1857 1025 tuum

284 1040 499 1088 animum
547 1055 725 1102 angam
771 1041 978 1102 querelis
1025 1049 1107 1088 aut
1152 1041 1274 1088 meis
1333 1041 1607 1089 volneribus
1666 1041 1857 1103 saepius

285 1137 457 1170 manus
482 1121 712 1170 adferam.
786 1122 914 1169 Nam
940 1123 1075 1186 quod
1107 1138 1286 1185 purgas
1323 1138 1422 1181 eOS,
1449 1138 1574 1186 quos
1611 1138 1705 1185 ego
1742 1123 1857 1169 mihi

285 1205 454 1267 scripsi
480 1204 718 1262 invidisse,
739 1212 786 1252 et
809 1205 858 1251 in
883 1205 951 1253 eis
977 1204 1231 1263 Catonem,
1258 1220 1352 1268 ego
1376 1220 1491 1253 vero
1517 1212 1702 1252 tantum
1727 1205 1858 1251 illum

285 1291 403 1345 puto
430 1284 491 1331 ab
514 1283 606 1331 isto
633 1283 811 1331 scelere
837 1283 1027 1341 afuisse,
1053 1292 1106 1331 ut
1130 1285 1341 1331 maxime
1378 1283 1568 1332 doleam
1595 1284 1703 1345 plus
1729 1283 1858 1346 apud

286 1381 364 1413 me
412 1365 766 1413 simulationem
814 1365 1016 1413 aliorum
1063 1381 1210 1429 quam
1265 1366 1399 1414 istius
1447 1365 1591 1413 fidem
1640 1365 1854 1414 valuisse.

288 1446 486 1496 Ceteros
528 1447 663 1510 quod
703 1463 893 1510 purgas,
928 1447 1107 1495 debent
1142 1447 1259 1495 mihi
1302 1448 1490 1511 purgati
1529 1462 1650 1505 esse,
1690 1446 1777 1495 tibi
1819 1448 1856 1494 si

288 1537 409 1578 sunt.
488 1545 531 1590 3.
571 1528 668 1578 Sed
701 1529 822 1577 haec
861 1545 969 1578 sero
1011 1531 1213 1592 agimus.
1285 1529 1449 1578 Crassi
1481 1529 1702 1578 libertum
1743 1528 1857 1576 nihil

289 1620 406 1674 puto
455 1612 637 1660 sincere
688 1611 919 1661 locutum.
1013 1611 1071 1660 In
1121 1620 1292 1660 senatu
1338 1628 1440 1660 rem
1488 1612 1641 1675 probe
1689 1611 1858 1659 scribis

289 1703 458 1743 actam.
532 1694 627 1743 Sed
653 1695 768 1758 quid
793 1693 975 1742 Curio?
1023 1709 1087 1742 an
1112 1693 1241 1742 illam
1267 1694 1538 1742 orationem
1574 1708 1674 1741 non
1710 1692 1859 1755 legit?

288 1792 411 1840 quae
441 1777 569 1824 unde
601 1777 659 1824 sit
695 1776 881 1839 prolata
916 1776 1097 1824 nesci0.
1195 1775 1291 1824 Sed
1323 1776 1490 1835 Axius,
1517 1774 1731 1823 eiusdem
1767 1774 1860 1822 diei

289 1858 502 1907 scribens
527 1858 588 1906 ad
612 1873 690 1906 me
716 1867 837 1916 acta,
864 1873 966 1906 non
990 1858 1056 1906 ita
1079 1857 1241 1906 laudat
1265 1856 1542 1906 Curionem.
1614 1855 1678 1904 At
1700 1864 1862 1918 potest

287 1939 363 1987 ille
404 1940 583 2003 aliquid
625 1940 1026 2002 praetermittere;
1077 1948 1142 1997 tu,
1185 1940 1276 1987 nisi
1317 1940 1451 2002 quod
1491 1946 1606 1996 erat,
1641 1937 1859 2000 profecto

289 2037 388 2070 non
435 2022 675 2084 scripsisti.
774 2021 1007 2069 Varronis
1067 2036 1228 2069 sermo
1287 2021 1401 2069 facit
1447 2019 1860 2083 exspectationem

290 2103 525 2159 Caesaris,
551 2111 694 2165 atque
725 2103 910 2150 utinam
946 2103 1048 2165 ipse
1073 2102 1228 2151 Varro
1265 2102 1513 2150 incumbat
1548 2102 1598 2148 in
1633 2102 1858 2149 causaml

288 2185 421 2247 quod
444 2185 662 2248 profecto
687 2200 798 2233 curn
824 2200 911 2233 sua
945 2193 1134 2248 sponte,
1159 2192 1261 2232 tum
1286 2191 1333 2233 te
1357 2185 1562 2233 instante
1586 2183 1741 2231 faciet.
1814 2198 1858 2241 4.

291 2268 414 2331 Ego,
440 2268 480 2316 si
503 2262 582 2316 me
608 2268 867 2330 aliquando
892 2267 1034 2315 vestri
1066 2274 1114 2315 et
1138 2267 1317 2330 patriae
1353 2274 1633 2329 compotem
1668 2265 1861 2312 fortuna

291 2350 468 2409 fecerit,
489 2358 616 2399 certe
641 2349 847 2398 efficiam
870 2357 922 2398 ut
946 2349 1155 2397 maxime
1180 2349 1355 2396 laetere
1384 2363 1510 2396 unus
1546 2362 1606 2396 ex
1632 2347 1859 2395 omnibus

291 2432 473 2491 amiciS,
533 2447 737 2494 meaque
796 2431 953 2480 officia
1004 2439 1051 2479 et
1110 2431 1280 2490 studia,
1328 2445 1453 2493 quae
1500 2443 1671 2492 parum
1719 2437 1862 2476 antea

291 2513 829 2562 luxerunt—fatendum
877 2521 950 2562 est
997 2513 1209 2571 enim—-,
1259 2513 1328 2560 sic
1374 2526 1623 2574 exsequar,
1674 2519 1725 2559 ut
1782 2526 1860 2558 me

292 2611 443 2658 aeque
467 2596 552 2643 tibi
576 2611 632 2644 ac
657 2595 786 2643 fratri
819 2603 864 2643 et
888 2594 1047 2642 liberis
1084 2594 1258 2643 nostris
1283 2594 1552 2642 restitutum
1587 2601 1739 2656 putes.
1810 2592 1861 2640 Si

293 2676 407 2739 quid
433 2677 480 2724 in
506 2684 550 2724 te
585 2677 794 2741 peccavi,
832 2691 889 2725 ac
925 2676 1082 2739 potius
1119 2677 1350 2738 quoniam
1386 2673 1595 2738 peccavi,
1632 2675 1858 2736 ignosce3

293 2759 342 2806 in
366 2772 443 2805 me
470 2758 597 2806 enim
622 2759 781 2820 ipsum
806 2757 1003 2822 peccavi
1028 2756 1370 2805 vehementius.
1444 2755 1616 2818 Neque
1652 2754 1771 2803 haec
1800 2769 1859 2802 eo
