2040 3048
133 119 315 188 Ep.29.]
476 131 664 170 EPIST.
704 131 785 170 AD
824 130 1193 171 FAMILIARES
1233 130 1271 170 t.
1312 137 1360 189 9.
1646 121 1707 174 81

133 255 278 302 etiam
297 254 467 302 virium
492 262 539 303 et
563 255 739 303 coloris
763 257 1002 304 rationem
1035 256 1212 305 habere
1236 255 1529 305 voluissent:
1568 271 1712 314 nune,

136 344 186 385 ut
219 336 416 399 Apelles
451 336 657 385 Veneris
695 346 839 401 caput
874 347 922 386 et
958 354 1146 387 summa
1182 339 1392 402 pectoris
1429 338 1715 402 politissima

134 425 234 466 arte
259 418 471 481 perfecit,
497 419 728 482 reliquam
754 428 942 482 partem
968 421 1184 483 corporis
1208 420 1488 469 inchoatam
1512 419 1713 483 reliquit,

134 499 203 548 sic
250 499 445 563 quidam
493 500 716 549 homines
755 502 804 548 in
846 503 1002 565 capite
1038 518 1150 551 meo
1199 502 1357 551 solum
1394 502 1712 561 elaborarunt,

133 581 367 643 reliquum
410 597 586 646 corpus
632 583 968 646 imperfectum
1006 600 1062 633 ac
1099 585 1217 633 rude
1253 585 1558 648 reliquerunt.
1638 586 1713 633 16.

134 663 194 710 In
219 677 317 725 quo
343 678 438 726 ego
463 679 602 727 spem
634 665 777 713 fefelli
806 682 912 715 non
948 667 1099 714 modo
1133 666 1422 725 invidorum,
1450 666 1536 714 sed
1569 667 1714 714 etiarn

134 744 437 793 inimicorum
472 761 706 806 meorum,
746 749 827 811 qui
865 749 924 796 de
960 764 1060 796 uno
1099 748 1333 796 acerrimo
1371 756 1418 795 et
1453 747 1712 796 fortissimo

133 826 234 874 viro
258 841 468 891 meoque
500 828 678 877 iudicio
716 831 938 878 omnium
973 829 1307 892 magnitudine
1345 829 1493 877 animi
1526 838 1572 877 et
1596 845 1713 878 con-

135 909 308 957 stantia
343 912 758 973 praestantissimo
795 913 858 972 Q.
884 912 1084 960 Metello
1115 911 1171 960 L.
1198 911 1228 959 f.
1256 912 1508 974 quondam
1544 911 1714 960 falsam

135 991 414 1053 opinionem
440 1003 745 1057 acceperunt,
766 1010 914 1058 quem
945 1003 1060 1059 post
1087 995 1295 1042 reditum
1321 994 1538 1042 dictitant
1562 993 1713 1042 fracto

135 1073 299 1121 animo
337 1082 384 1122 et
420 1075 634 1125 demisso
669 1075 844 1136 fuisse;
888 1072 982 1144 [est
1017 1091 1130 1124 vero
1165 1071 1512 1143 probandum,]
1551 1077 1632 1139 qui
1669 1082 1716 1124 et

136 1170 324 1203 summa
370 1156 612 1206 voluntate
665 1159 861 1208 cesserit
918 1167 965 1207 et
1019 1158 1213 1222 egregia
1269 1158 1418 1205 animi
1474 1158 1715 1206 alacritate

135 1236 303 1285 afuerit
338 1253 497 1302 neque
534 1254 651 1288 sane
679 1241 832 1288 redire
869 1241 1056 1298 curarit,
1082 1255 1194 1288 eum
1231 1241 1296 1287 ob
1326 1239 1375 1286 id
1406 1240 1569 1301 ipsum
1593 1237 1715 1286 frac-

135 1327 236 1367 tum
279 1318 438 1377 fuisse,
475 1319 525 1367 in
563 1335 662 1383 quo
706 1337 818 1369 cum
857 1337 1030 1370 omnes
1069 1321 1293 1369 homines
1330 1329 1434 1368 tum
1474 1320 1541 1367 M.
1582 1320 1712 1368 illum

137 1401 370 1450 Scaurum
395 1401 687 1464 singularem
719 1404 873 1451 virum
907 1403 1179 1451 constantia
1208 1410 1255 1450 et
1290 1402 1519 1464 gravitate
1551 1417 1714 1464 super-

135 1486 290 1533 assetl
328 1484 428 1542 sed,
454 1484 588 1546 quod
613 1485 673 1533 de
697 1485 778 1533 illo
803 1494 1091 1550 acceperant
1115 1493 1197 1533 aut
1230 1485 1375 1532 etiam
1401 1484 1714 1547 suspicaban-

134 1574 221 1623 tur,
247 1566 307 1614 de
332 1581 410 1614 me
446 1565 575 1614 idem
599 1567 892 1629 cogitabant,
918 1568 1175 1616 abiectiore
1200 1567 1364 1615 animo
1399 1582 1477 1614 me
1503 1566 1714 1614 futurum

134 1663 244 1696 cum
285 1663 362 1695 res
407 1648 602 1710 publica
648 1634 882 1697 maiorem
931 1650 1076 1697 etiam
1124 1649 1242 1696 mihi
1289 1649 1519 1706 animum,
1567 1663 1714 1710 quam

133 1744 365 1791 umquam
396 1729 689 1788 habuissem,
716 1730 863 1787 daret,
890 1746 1002 1779 curn
1036 1731 1324 1779 declarasset
1362 1746 1412 1778 se
1445 1745 1548 1778 non
1573 1740 1713 1792 potu-

133 1810 226 1858 isse
251 1825 329 1858 me
352 1825 451 1858 uno
476 1811 566 1859 civi
603 1826 795 1871 carere;
835 1827 1043 1874 cumque
1077 1812 1329 1860 Metellum
1360 1812 1502 1859 unius
1538 1811 1714 1862 tribuni

134 1891 197 1955 pl.
234 1892 436 1954 rogatio,
470 1908 548 1940 me
581 1892 802 1941 universa
837 1908 913 1941 res
950 1894 1155 1956 publica,
1190 1894 1312 1943 duce
1350 1901 1534 1951 senatu,
1562 1893 1712 1941 comi-

133 1980 263 2021 tante
299 1974 448 2031 Italia‚
475 1974 897 2038 promulgantibus
931 1984 1046 2023 octo
1080 1977 1297 2030 tribunis,
1327 1975 1562 2024 referente
1595 1990 1713 2023 con-

134 2055 235 2104 sule
265 2055 470 2104 comitiis
496 2056 785 2115 centuriatis,
812 2058 998 2105 cunctis
1029 2058 1293 2116 ordinibuS,
1326 2058 1604 2106 hominibus
1640 2058 1712 2104 in-

134 2137 484 2196 cumbentibus,
509 2138 737 2186 omnibus
764 2138 972 2202 denique
1007 2140 1103 2188 suis
1127 2140 1304 2188 viribus
1337 2139 1708 2203 reciperavisset.

141 2228 213 2279 17.
251 2217 426 2281 Neque
473 2234 588 2267 vero
639 2235 733 2283 ego
772 2219 888 2267 mihi
936 2229 1107 2283 postea
1155 2222 1417 2285 quicquam
1464 2220 1712 2283 adsumpsi

135 2315 290 2363 neque
314 2300 459 2348 hodie
484 2301 704 2360 adsumo,
725 2302 858 2364 quod
883 2318 1178 2365 quemquam
1203 2303 1712 2352 malevolentissimum

134 2381 232 2429 iure
276 2381 427 2444 possit
465 2382 741 2432 offendere:
795 2392 982 2431 tantum
1030 2386 1197 2443 enitor,
1241 2393 1293 2433 ut
1340 2400 1499 2447 neque
1547 2385 1713 2432 amicis

134 2477 291 2524 neque
330 2462 473 2510 etiam
513 2463 817 2513 alienioribus
866 2480 1030 2527 opera,
1067 2466 1285 2524 consilio,
1327 2465 1492 2514 labore
1542 2465 1710 2514 desim.

135 2541 232 2591 Hic
269 2558 406 2591 meae
447 2545 569 2593 vitae
603 2561 769 2593 cursus
807 2547 1009 2595 offendit
1046 2563 1132 2595 eos
1167 2547 1385 2606 fortasse,
1428 2547 1509 2610 qui
1553 2547 1712 2609 splen·

135 2625 303 2673 dorem
328 2633 375 2672 et
399 2627 610 2687 speciem
635 2626 774 2676 huius
800 2629 922 2675 vitae
948 2629 1204 2686 intuentur,
1231 2629 1602 2677 sollicitudinem
1627 2646 1711 2678 au-

136 2715 233 2754 tem
280 2714 327 2753 et
372 2707 587 2754 laborem
639 2709 912 2771 perspicere
962 2725 1063 2759 non
1111 2718 1328 2772 possunt.
1427 2711 1551 2760 Illud
1599 2728 1711 2760 vero

137 2801 237 2836 non
272 2787 476 2836 obscure
513 2797 788 2850 queruntur,
821 2791 871 2837 in
896 2791 1016 2839 meis
1044 2792 1305 2851 sententiis,
1334 2792 1509 2854 quibus
1540 2806 1710 2840 ornem

903 2886 934 2918 o
