2040 3048
110 143 179 195 Ep.
207 128 293 200 56.]
443 139 628 179 EPIST.
667 139 749 177 AD
786 138 1063 179 ATTIOUM
1103 139 1232 179 Vm.
1281 143 1360 180 11.
1588 142 1677 192 141

103 267 259 315 natori
290 281 458 315 cursus
493 265 748 323 secunduS,
776 265 968 313 medico
999 264 1140 323 saluS,
1168 263 1444 326 imperatori
1477 263 1685 321 victoria,

104 351 172 398 sic
213 350 324 398 huic
366 347 659 397 moderatori
695 347 762 395 rei
798 347 1017 409 publicae
1055 348 1198 395 beata
1235 345 1408 394 civium
1445 344 1541 392 vita
1575 360 1688 408 pro-

104 432 262 495 posita
294 439 378 490 est,
405 439 456 478 ut
489 431 665 493 opibus
700 430 850 486 firma,
879 429 1032 491 copiis
1065 428 1296 491 locuples,
1326 426 1476 490 gloria
1512 427 1686 489 ampla,

105 514 272 561 virtute
319 513 524 560 honesta
572 511 660 571 sit;
723 510 864 558 huius
914 511 1044 558 enim
1091 510 1251 573 operis
1311 508 1510 557 maximi
1567 510 1689 556 inter

106 595 328 643 homines
366 602 508 657 atque
544 593 712 656 optimi
747 592 880 639 illum
923 607 1029 640 esse
1071 591 1393 654 perfectorem
1433 588 1570 639 volo?
1646 608 1686 640 2.

107 676 221 724 Hoc
261 675 460 724 Gnaeus
499 684 663 723 noster
704 689 816 722 cum
858 682 1002 721 antea
1043 688 1327 736 numquam,
1365 680 1469 720 tum
1513 673 1562 719 in
1599 673 1690 721 hac

107 773 251 806 causa
291 759 491 806 minime
527 756 785 820 cogitavit:
825 756 1094 804 dominatio
1132 755 1350 818 quaesita
1386 755 1447 802 ab
1483 762 1691 818 utroque

107 849 179 888 est
219 855 322 888 non
346 840 396 888 id
420 848 595 897 actum,
620 840 764 886 beata
787 846 834 885 et
858 837 1063 886 honesta
1088 837 1252 885 civitas
1285 845 1338 884 ut
1370 844 1513 884 esset.
1585 835 1693 885 Nec

108 937 221 970 vero
258 922 334 970 ille
363 922 535 969 urbem
568 921 772 983 reliquit,
799 920 933 983 quod
963 935 1073 968 eam
1104 920 1225 967 tueri
1250 934 1354 966 non
1386 927 1567 981 posset,
1602 935 1694 967 nec

109 1003 312 1062 Italiam,
352 1003 486 1066 quod
523 1018 582 1050 ea
619 1003 886 1065 pelleretur,
925 1002 1011 1050 sed
1051 1001 1147 1050 hoc
1184 1017 1214 1049 a
1254 1001 1413 1064 primo
1456 1000 1693 1063 cogitavit,

110 1101 282 1134 omnes
319 1093 483 1144 terras,
521 1085 687 1133 omnia
729 1085 880 1132 maria
921 1098 1131 1142 movere,
1168 1099 1310 1146 reges
1352 1084 1585 1131 barbaros
1621 1083 1693 1129 in-

110 1169 268 1227 citare,
296 1176 467 1231 gentes
492 1166 616 1216 feras
641 1175 850 1214 armatas
875 1166 925 1213 in
950 1166 1140 1214 Italiam
1173 1166 1432 1224 adducere,
1459 1165 1697 1213 exercitus

111 1251 351 1299 conficere
375 1250 630 1297 maximos.
693 1247 862 1297 Genus
888 1248 1003 1295 illud
1029 1247 1212 1296 Sullani
1237 1248 1374 1310 regni
1392 1247 1490 1295 iam
1507 1247 1698 1310 pridem

112 1333 364 1396 appetitur,
397 1332 572 1389 multis,
599 1331 681 1393 qui
715 1346 816 1378 una
852 1338 979 1389 sunt,
1015 1330 1336 1392 cupientibus.
1408 1330 1490 1376 An
1526 1344 1698 1377 censes

113 1414 228 1462 nihil
253 1415 374 1461 inter
397 1427 484 1461 eos
510 1413 782 1471 convenire,
810 1412 994 1459 nullam
1019 1412 1299 1474 pactionem
1323 1410 1425 1458 fieri
1450 1411 1698 1473 potuisse?

113 1497 259 1545 hodie
278 1502 440 1559 potest
458 1512 473 1556 3
500 1494 587 1542 sed
611 1495 767 1542 neutri
785 1497 948 1542 σκοπὸς
972 1502 1044 1542 est
1069 1493 1160 1553 ille,
1177 1502 1230 1541 ut
1255 1508 1346 1541 nos
1370 1494 1498 1541 beati
1525 1494 1698 1541 simus:

114 1588 313 1642 uterque
355 1592 557 1641 regnare
596 1576 708 1624 volt.
794 1594 838 1638 3.
887 1575 1029 1625 Haec
1069 1592 1098 1624 a
1139 1584 1186 1624 te
1227 1577 1453 1624 invitatus
1497 1577 1701 1624 breviter

114 1661 320 1725 exposui
337 1677 351 1721 3
388 1659 578 1707 voluisti
614 1659 745 1706 enim
782 1674 875 1717 me,
915 1658 1032 1721 quid
1070 1659 1129 1707 de
1165 1658 1240 1707 his
1275 1659 1415 1707 malis
1457 1658 1700 1716 sentirem,

116 1743 384 1793 ostendere.
454 1742 739 1803 Προθεσπίζω
764 1741 919 1803 igitur,
941 1749 1105 1788 noster
1131 1741 1304 1799 Attice,
1322 1756 1424 1788 non
1444 1741 1699 1799 hariolans,

117 1836 169 1874 ut
193 1826 284 1883 illa,
307 1824 384 1872 cui
408 1836 556 1870 nemo
584 1821 797 1879 credidit,
824 1821 911 1869 sed
935 1823 1209 1870 coniectura
1233 1823 1564 1886 prospiciens:

607 1911 759 1960 iamque
788 1911 884 1949 mari
913 1923 1055 1964 magno
1076 1941 1086 1951 .
1110 1941 1119 1950 .
1143 1942 1153 1952 .
1174 1941 1184 1951 .

121 1997 239 2045 Non
297 1994 461 2052 multo,
513 1994 727 2056 inquam,
777 2009 916 2042 secus
972 2010 1175 2057 possum
1233 1996 1512 2055 vaticinari3
1572 2004 1705 2044 tanta

118 2078 359 2127 malorum
395 2075 644 2138 impendet
666 2076 811 2122 Ἰλιάς.
883 2076 1046 2138 Atque
1083 2077 1177 2125 hoc
1210 2086 1378 2126 nostra
1410 2079 1599 2140 gravior
1633 2088 1706 2125 est

119 2175 277 2217 causa,
305 2158 387 2221 qui
412 2157 546 2205 domi
572 2172 754 2216 sumus,
775 2172 924 2219 quam
950 2158 1155 2218 illorum,
1173 2161 1255 2222 qui
1281 2175 1378 2208 una
1402 2161 1704 2218 transierunt,

119 2242 254 2307 quod
278 2241 342 2289 illi
366 2239 570 2288 alterum
594 2248 831 2298 metuunt,
857 2255 949 2289 nos
983 2252 1256 2305 utrumque.
1331 2259 1375 2301 4.
1415 2242 1514 2291 Cur
1550 2243 1705 2305 igitur,

121 2324 294 2387 inquis,
314 2322 667 2370 remansimus?
701 2322 774 2370 vel
800 2323 885 2370 tibi
911 2324 1159 2386 paruimus
1185 2324 1259 2371 vel
1283 2339 1384 2372 non
1408 2325 1708 2372 occurrimus

122 2405 196 2453 vel
220 2404 313 2452 hoc
338 2403 425 2452 fuit
448 2404 636 2452 rectius.
698 2402 1001 2463 Conculcari,
1023 2406 1237 2468 inquam,
1263 2405 1492 2453 miseram
1516 2405 1706 2452 Italiam

122 2487 305 2535 videbis
341 2485 564 2547 proxima
599 2494 779 2534 aestate
804 2490 833 2541 †
859 2496 938 2535 aut
974 2487 1223 2549 utriusque
1265 2488 1315 2534 in
1356 2487 1610 2550 mancipiis
1646 2502 1708 2535 ex

123 2569 259 2616 omni
282 2582 458 2629 genere
485 2565 711 2624 collectis,
736 2582 828 2615 nec
861 2576 960 2615 tam
984 2569 1275 2630 proscriptio
1308 2569 1707 2630 pertimescenda,

123 2667 246 2716 quae
269 2648 499 2698 Luceriae
524 2649 684 2697 multis
723 2650 1029 2698 sermonibus
1067 2650 1349 2698 denuntiata
1382 2665 1488 2698 esse
1525 2650 1707 2710 dicitur,

125 2746 273 2794 quam
305 2733 335 2784 †
366 2729 638 2778 universam
674 2731 916 2779 interitus:
954 2739 1111 2779 tantas
1153 2731 1203 2777 in
1241 2731 1554 2794 confligendo
1596 2733 1708 2779 utri-

126 2827 279 2876 usque
317 2812 439 2859 vires
482 2809 623 2859 video
667 2810 862 2860 futuras.
935 2812 1109 2861 Habes
1149 2812 1476 2861 coniecturam
1519 2827 1704 2871 meam3
