<?xml version="1.0" encoding="UTF-8"?>
<!DOCTYPE html PUBLIC "-//W3C//DTD XHTML 1.0 Transitional//EN"
    "http://www.w3.org/TR/xhtml1/DTD/xhtml1-transitional.dtd">
<html xmlns="http://www.w3.org/1999/xhtml" xml:lang="en" lang="en">
 <head>
  <title>
</title>
<meta http-equiv="Content-Type" content="text/html;charset=utf-8" />
  <meta name='ocr-system' content='tesseract 3.04.00' />
  <meta name='ocr-capabilities' content='ocr_page ocr_carea ocr_par ocr_line ocrx_word'/>
</head>
<body>
  <div class='ocr_page' id='page_1' title='image "./epistolaeselecta00ciceuoft/epistolaeselecta00ciceuoft_0243.png"; bbox 0 0 2040 3048; ppageno 0'>
   <div class='ocr_carea' id='block_1_1' title="bbox 144 138 1718 208">
    <p class='ocr_par' dir='ltr' id='par_1_1' title="bbox 144 138 1718 208">
     <span class='ocr_line' id='line_1_1' title="bbox 144 138 1718 208; baseline -0.004 -17"><span class='ocrx_word' id='word_1_1' title='bbox 144 138 357 208; x_wconf 84' lang='lat' dir='ltr'>Ep.111.]</span> <span class='ocrx_word' id='word_1_2' title='bbox 466 146 652 190; x_wconf 74' lang='lat' dir='ltr'><strong><em>EPIST.</em></strong></span> <span class='ocrx_word' id='word_1_3' title='bbox 694 147 776 187; x_wconf 84' lang='lat' dir='ltr'>AD</span> <span class='ocrx_word' id='word_1_4' title='bbox 813 146 1186 187; x_wconf 79' lang='lat' dir='ltr'><em>FAMILIARES</em></span> <span class='ocrx_word' id='word_1_5' title='bbox 1224 147 1303 186; x_wconf 73' lang='lat' dir='ltr'>tx.</span> <span class='ocrx_word' id='word_1_6' title='bbox 1353 151 1430 201; x_wconf 85' lang='lat'>14.</span> <span class='ocrx_word' id='word_1_7' title='bbox 1619 147 1718 202; x_wconf 85' lang='lat'>227</span> 
     </span>
    </p>
   </div>
   <div class='ocr_carea' id='block_1_2' title="bbox 139 279 1743 2890">
    <p class='ocr_par' dir='ltr' id='par_1_2' title="bbox 139 279 1743 2890">
     <span class='ocr_line' id='line_1_2' title="bbox 141 279 1721 341; baseline -0.005 -9"><span class='ocrx_word' id='word_1_8' title='bbox 141 284 234 332; x_wconf 88' lang='lat' dir='ltr'>tuis</span> <span class='ocrx_word' id='word_1_9' title='bbox 259 282 493 331; x_wconf 86' lang='lat' dir='ltr'>laudibus.</span> <span class='ocrx_word' id='word_1_10' title='bbox 569 280 835 331; x_wconf 83' lang='lat' dir='ltr'>Neminem</span> <span class='ocrx_word' id='word_1_11' title='bbox 867 279 1382 330; x_wconf 85' lang='lat' dir='ltr'>conveni—convenio</span> <span class='ocrx_word' id='word_1_12' title='bbox 1415 286 1576 326; x_wconf 91' lang='lat' dir='ltr'>autem</span> <span class='ocrx_word' id='word_1_13' title='bbox 1602 291 1721 341; x_wconf 92' lang='lat' dir='ltr'>quo-</span> 
     </span>
     <span class='ocr_line' id='line_1_3' title="bbox 141 359 1722 429; baseline -0.004 -16"><span class='ocrx_word' id='word_1_14' title='bbox 141 366 253 414; x_wconf 87' lang='lat' dir='ltr'>tidie</span> <span class='ocrx_word' id='word_1_15' title='bbox 279 366 540 429; x_wconf 89' lang='lat' dir='ltr'>plurimos;</span> <span class='ocrx_word' id='word_1_16' title='bbox 580 372 690 412; x_wconf 90' lang='lat' dir='ltr'>sunt</span> <span class='ocrx_word' id='word_1_17' title='bbox 717 365 846 411; x_wconf 90' lang='lat' dir='ltr'>enim</span> <span class='ocrx_word' id='word_1_18' title='bbox 872 364 1094 427; x_wconf 86' lang='lat' dir='ltr'><strong>permulti</strong></span> <span class='ocrx_word' id='word_1_19' title='bbox 1119 363 1288 426; x_wconf 89' lang='lat' dir='ltr'>optimi</span> <span class='ocrx_word' id='word_1_20' title='bbox 1314 362 1410 419; x_wconf 89' lang='lat' dir='ltr'>viri,</span> <span class='ocrx_word' id='word_1_21' title='bbox 1437 361 1519 424; x_wconf 89' lang='lat' dir='ltr'>qui</span> <span class='ocrx_word' id='word_1_22' title='bbox 1545 359 1722 407; x_wconf 82' lang='lat' dir='ltr'>valetu-</span> 
     </span>
     <span class='ocr_line' id='line_1_4' title="bbox 141 442 1724 509; baseline -0.004 -14"><span class='ocrx_word' id='word_1_23' title='bbox 141 449 266 496; x_wconf 90' lang='lat' dir='ltr'>dinis</span> <span class='ocrx_word' id='word_1_24' title='bbox 299 463 443 497; x_wconf 89' lang='lat' dir='ltr'>causa</span> <span class='ocrx_word' id='word_1_25' title='bbox 468 448 516 495; x_wconf 91' lang='lat' dir='ltr'>in</span> <span class='ocrx_word' id='word_1_26' title='bbox 542 447 660 495; x_wconf 89' lang='lat' dir='ltr'>haec</span> <span class='ocrx_word' id='word_1_27' title='bbox 694 446 802 494; x_wconf 89' lang='lat' dir='ltr'>loca</span> <span class='ocrx_word' id='word_1_28' title='bbox 835 447 1041 505; x_wconf 89' lang='lat' dir='ltr'>veniant,</span> <span class='ocrx_word' id='word_1_29' title='bbox 1072 454 1318 509; x_wconf 89' lang='lat' dir='ltr'>praeterea</span> <span class='ocrx_word' id='word_1_30' title='bbox 1354 460 1414 493; x_wconf 87' lang='lat' dir='ltr'>ex</span> <span class='ocrx_word' id='word_1_31' title='bbox 1450 442 1724 505; x_wconf 90' lang='lat' dir='ltr'>municipiis</span> 
     </span>
     <span class='ocr_line' id='line_1_5' title="bbox 142 524 1724 592; baseline -0.004 -15"><span class='ocrx_word' id='word_1_32' title='bbox 142 530 412 592; x_wconf 90' lang='lat' dir='ltr'>frequentes</span> <span class='ocrx_word' id='word_1_33' title='bbox 445 528 702 577; x_wconf 89' lang='lat' dir='ltr'>necessarii</span> <span class='ocrx_word' id='word_1_34' title='bbox 728 529 905 586; x_wconf 88' lang='lat' dir='ltr'>mei—,</span> <span class='ocrx_word' id='word_1_35' title='bbox 932 529 1049 591; x_wconf 90' lang='lat' dir='ltr'>quin</span> <span class='ocrx_word' id='word_1_36' title='bbox 1080 543 1268 587; x_wconf 88' lang='lat' dir='ltr'>omnes,</span> <span class='ocrx_word' id='word_1_37' title='bbox 1296 543 1408 576; x_wconf 90' lang='lat' dir='ltr'>cum</span> <span class='ocrx_word' id='word_1_38' title='bbox 1442 536 1488 575; x_wconf 90' lang='lat' dir='ltr'>te</span> <span class='ocrx_word' id='word_1_39' title='bbox 1522 524 1724 574; x_wconf 85' lang='lat' dir='ltr'>summis</span> 
     </span>
     <span class='ocr_line' id='line_1_6' title="bbox 139 609 1724 669; baseline -0.002 -10"><span class='ocrx_word' id='word_1_40' title='bbox 139 612 361 660; x_wconf 84' lang='lat' dir='ltr'>laudibus</span> <span class='ocrx_word' id='word_1_41' title='bbox 403 610 464 659; x_wconf 91' lang='lat' dir='ltr'>ad</span> <span class='ocrx_word' id='word_1_42' title='bbox 503 611 690 659; x_wconf 92' lang='lat' dir='ltr'>caelum</span> <span class='ocrx_word' id='word_1_43' title='bbox 730 610 1015 669; x_wconf 85' lang='lat' dir='ltr'>extulerunt,</span> <span class='ocrx_word' id='word_1_44' title='bbox 1053 610 1170 657; x_wconf 89' lang='lat' dir='ltr'>mihi</span> <span class='ocrx_word' id='word_1_45' title='bbox 1208 611 1442 658; x_wconf 89' lang='lat' dir='ltr'>continuo</span> <span class='ocrx_word' id='word_1_46' title='bbox 1486 609 1724 657; x_wconf 81' lang='lat' dir='ltr'>maximas</span> 
     </span>
     <span class='ocr_line' id='line_1_7' title="bbox 141 691 1725 757; baseline -0.003 -15"><span class='ocrx_word' id='word_1_47' title='bbox 141 695 317 757; x_wconf 86' lang='lat' dir='ltr'>gratias</span> <span class='ocrx_word' id='word_1_48' title='bbox 359 701 532 756; x_wconf 81' lang='lat' dir='ltr'>agant3</span> <span class='ocrx_word' id='word_1_49' title='bbox 581 701 764 756; x_wconf 92' lang='lat' dir='ltr'>negant</span> <span class='ocrx_word' id='word_1_50' title='bbox 806 693 936 740; x_wconf 90' lang='lat' dir='ltr'>enim</span> <span class='ocrx_word' id='word_1_51' title='bbox 986 708 1037 740; x_wconf 89' lang='lat' dir='ltr'>se</span> <span class='ocrx_word' id='word_1_52' title='bbox 1087 691 1303 739; x_wconf 92' lang='lat' dir='ltr'>dubitare</span> <span class='ocrx_word' id='word_1_53' title='bbox 1349 692 1466 755; x_wconf 91' lang='lat' dir='ltr'>quin</span> <span class='ocrx_word' id='word_1_54' title='bbox 1513 700 1563 738; x_wconf 92' lang='lat' dir='ltr'>tu</span> <span class='ocrx_word' id='word_1_55' title='bbox 1605 691 1725 739; x_wconf 87' lang='lat' dir='ltr'>meis</span> 
     </span>
     <span class='ocr_line' id='line_1_8' title="bbox 141 774 1726 841; baseline -0.003 -17"><span class='ocrx_word' id='word_1_56' title='bbox 141 777 409 841; x_wconf 84' lang='lat' dir='ltr'>praeceptis</span> <span class='ocrx_word' id='word_1_57' title='bbox 448 785 495 824; x_wconf 91' lang='lat' dir='ltr'>et</span> <span class='ocrx_word' id='word_1_58' title='bbox 532 775 744 823; x_wconf 89' lang='lat' dir='ltr'>consiliis</span> <span class='ocrx_word' id='word_1_59' title='bbox 786 775 1129 837; x_wconf 89' lang='lat' dir='ltr'>obtemperans</span> <span class='ocrx_word' id='word_1_60' title='bbox 1174 774 1641 836; x_wconf 88' lang='lat' dir='ltr'>praestantissimum</span> <span class='ocrx_word' id='word_1_61' title='bbox 1679 781 1726 820; x_wconf 89' lang='lat' dir='ltr'>te</span> 
     </span>
     <span class='ocr_line' id='line_1_9' title="bbox 141 855 1725 918; baseline -0.003 -12"><span class='ocrx_word' id='word_1_62' title='bbox 141 859 295 907; x_wconf 88' lang='lat' dir='ltr'>civem</span> <span class='ocrx_word' id='word_1_63' title='bbox 331 866 378 905; x_wconf 93' lang='lat' dir='ltr'>et</span> <span class='ocrx_word' id='word_1_64' title='bbox 413 856 708 918; x_wconf 81' lang='lat' dir='ltr'>singularem</span> <span class='ocrx_word' id='word_1_65' title='bbox 745 856 994 904; x_wconf 91' lang='lat' dir='ltr'>consulem</span> <span class='ocrx_word' id='word_1_66' title='bbox 1030 855 1292 918; x_wconf 89' lang='lat' dir='ltr'>praebeas:</span> <span class='ocrx_word' id='word_1_67' title='bbox 1335 871 1379 903; x_wconf 92' lang='lat'>2.</span> <span class='ocrx_word' id='word_1_68' title='bbox 1418 856 1594 918; x_wconf 89' lang='lat' dir='ltr'>quibus</span> <span class='ocrx_word' id='word_1_69' title='bbox 1631 870 1725 917; x_wconf 92' lang='lat' dir='ltr'>ego</span> 
     </span>
     <span class='ocr_line' id='line_1_10' title="bbox 141 937 1724 1003; baseline -0.003 -14"><span class='ocrx_word' id='word_1_70' title='bbox 141 955 438 1003; x_wconf 90' lang='lat' dir='ltr'>quamquam</span> <span class='ocrx_word' id='word_1_71' title='bbox 467 940 711 987; x_wconf 88' lang='lat' dir='ltr'>verissime</span> <span class='ocrx_word' id='word_1_72' title='bbox 747 953 950 1001; x_wconf 88' lang='lat' dir='ltr'>possum</span> <span class='ocrx_word' id='word_1_73' title='bbox 987 937 1284 1001; x_wconf 91' lang='lat' dir='ltr'>respondere</span> <span class='ocrx_word' id='word_1_74' title='bbox 1317 945 1378 996; x_wconf 90' lang='lat' dir='ltr'>te,</span> <span class='ocrx_word' id='word_1_75' title='bbox 1404 953 1530 1001; x_wconf 92' lang='lat' dir='ltr'>quae</span> <span class='ocrx_word' id='word_1_76' title='bbox 1563 937 1724 996; x_wconf 87' lang='lat' dir='ltr'>facias,</span> 
     </span>
     <span class='ocr_line' id='line_1_11' title="bbox 142 1020 1723 1084; baseline -0.003 -13"><span class='ocrx_word' id='word_1_77' title='bbox 142 1031 226 1072; x_wconf 91' lang='lat' dir='ltr'>tuo</span> <span class='ocrx_word' id='word_1_78' title='bbox 250 1022 425 1070; x_wconf 88' lang='lat' dir='ltr'>iudicio</span> <span class='ocrx_word' id='word_1_79' title='bbox 451 1030 498 1070; x_wconf 89' lang='lat' dir='ltr'>et</span> <span class='ocrx_word' id='word_1_80' title='bbox 523 1030 604 1070; x_wconf 89' lang='lat' dir='ltr'>tua</span> <span class='ocrx_word' id='word_1_81' title='bbox 630 1029 804 1084; x_wconf 87' lang='lat' dir='ltr'>sponte</span> <span class='ocrx_word' id='word_1_82' title='bbox 825 1020 983 1068; x_wconf 90' lang='lat' dir='ltr'>facere</span> <span class='ocrx_word' id='word_1_83' title='bbox 1009 1036 1100 1068; x_wconf 92' lang='lat' dir='ltr'>nec</span> <span class='ocrx_word' id='word_1_84' title='bbox 1126 1020 1413 1083; x_wconf 88' lang='lat' dir='ltr'>cuiusquam</span> <span class='ocrx_word' id='word_1_85' title='bbox 1439 1036 1581 1083; x_wconf 90' lang='lat' dir='ltr'>egere</span> <span class='ocrx_word' id='word_1_86' title='bbox 1607 1035 1723 1068; x_wconf 92' lang='lat' dir='ltr'>con-</span> 
     </span>
     <span class='ocr_line' id='line_1_12' title="bbox 142 1103 1728 1167; baseline -0.003 -13"><span class='ocrx_word' id='word_1_87' title='bbox 142 1106 263 1164; x_wconf 89' lang='lat' dir='ltr'>silio,</span> <span class='ocrx_word' id='word_1_88' title='bbox 297 1114 462 1153; x_wconf 91' lang='lat' dir='ltr'>tamen</span> <span class='ocrx_word' id='word_1_89' title='bbox 497 1120 656 1167; x_wconf 91' lang='lat' dir='ltr'>neque</span> <span class='ocrx_word' id='word_1_90' title='bbox 692 1103 836 1166; x_wconf 89' lang='lat' dir='ltr'>plane</span> <span class='ocrx_word' id='word_1_91' title='bbox 873 1103 1133 1162; x_wconf 89' lang='lat' dir='ltr'>adsentior,</span> <span class='ocrx_word' id='word_1_92' title='bbox 1172 1119 1233 1150; x_wconf 93' lang='lat' dir='ltr'>ne</span> <span class='ocrx_word' id='word_1_93' title='bbox 1270 1103 1558 1150; x_wconf 89' lang='lat' dir='ltr'>imminuam</span> <span class='ocrx_word' id='word_1_94' title='bbox 1594 1111 1728 1150; x_wconf 90' lang='lat' dir='ltr'>tuam</span> 
     </span>
     <span class='ocr_line' id='line_1_13' title="bbox 141 1184 1728 1247; baseline -0.003 -10"><span class='ocrx_word' id='word_1_95' title='bbox 141 1187 350 1242; x_wconf 88' lang='lat' dir='ltr'>laudem,</span> <span class='ocrx_word' id='word_1_96' title='bbox 378 1188 416 1235; x_wconf 89' lang='lat' dir='ltr'>si</span> <span class='ocrx_word' id='word_1_97' title='bbox 441 1186 603 1234; x_wconf 89' lang='lat' dir='ltr'>omnis</span> <span class='ocrx_word' id='word_1_98' title='bbox 627 1201 656 1234; x_wconf 90' lang='lat' dir='ltr'>a</span> <span class='ocrx_word' id='word_1_99' title='bbox 679 1186 801 1233; x_wconf 89' lang='lat' dir='ltr'>meis</span> <span class='ocrx_word' id='word_1_100' title='bbox 832 1184 1045 1234; x_wconf 89' lang='lat' dir='ltr'>consiliis</span> <span class='ocrx_word' id='word_1_101' title='bbox 1071 1184 1288 1247; x_wconf 91' lang='lat' dir='ltr'>profecta</span> <span class='ocrx_word' id='word_1_102' title='bbox 1312 1185 1542 1243; x_wconf 89' lang='lat' dir='ltr'>videatur,</span> <span class='ocrx_word' id='word_1_103' title='bbox 1567 1200 1728 1247; x_wconf 91' lang='lat' dir='ltr'>neque</span> 
     </span>
     <span class='ocr_line' id='line_1_14' title="bbox 142 1267 1731 1333; baseline -0.002 -15"><span class='ocrx_word' id='word_1_104' title='bbox 142 1270 279 1318; x_wconf 90' lang='lat' dir='ltr'>valde</span> <span class='ocrx_word' id='word_1_105' title='bbox 326 1284 634 1333; x_wconf 82' lang='lat' dir='ltr'>nego—sum</span> <span class='ocrx_word' id='word_1_106' title='bbox 681 1268 811 1316; x_wconf 91' lang='lat' dir='ltr'>enim</span> <span class='ocrx_word' id='word_1_107' title='bbox 858 1267 1042 1315; x_wconf 91' lang='lat' dir='ltr'>avidior</span> <span class='ocrx_word' id='word_1_108' title='bbox 1090 1268 1236 1315; x_wconf 88' lang='lat' dir='ltr'>etiam</span> <span class='ocrx_word' id='word_1_109' title='bbox 1285 1283 1433 1331; x_wconf 92' lang='lat' dir='ltr'>quam</span> <span class='ocrx_word' id='word_1_110' title='bbox 1491 1268 1605 1316; x_wconf 84' lang='lat' dir='ltr'>satis</span> <span class='ocrx_word' id='word_1_111' title='bbox 1658 1276 1731 1316; x_wconf 90' lang='lat' dir='ltr'>est</span> 
     </span>
     <span class='ocr_line' id='line_1_15' title="bbox 141 1348 1731 1417; baseline -0.003 -16"><span class='ocrx_word' id='word_1_112' title='bbox 141 1352 420 1417; x_wconf 90' lang='lat' dir='ltr'>gloriae—;</span> <span class='ocrx_word' id='word_1_113' title='bbox 458 1357 506 1398; x_wconf 91' lang='lat' dir='ltr'>et</span> <span class='ocrx_word' id='word_1_114' title='bbox 529 1358 695 1398; x_wconf 88' lang='lat' dir='ltr'>tamen</span> <span class='ocrx_word' id='word_1_115' title='bbox 728 1364 831 1396; x_wconf 91' lang='lat' dir='ltr'>non</span> <span class='ocrx_word' id='word_1_116' title='bbox 869 1348 1079 1396; x_wconf 92' lang='lat' dir='ltr'>alienum</span> <span class='ocrx_word' id='word_1_117' title='bbox 1113 1357 1186 1397; x_wconf 88' lang='lat' dir='ltr'>est</span> <span class='ocrx_word' id='word_1_118' title='bbox 1211 1349 1443 1412; x_wconf 86' lang='lat' dir='ltr'>dignitate</span> <span class='ocrx_word' id='word_1_119' title='bbox 1474 1357 1568 1408; x_wconf 93' lang='lat' dir='ltr'>tua,</span> <span class='ocrx_word' id='word_1_120' title='bbox 1595 1349 1731 1412; x_wconf 92' lang='lat' dir='ltr'>quod</span> 
     </span>
     <span class='ocr_line' id='line_1_16' title="bbox 144 1430 1731 1498; baseline -0.003 -15"><span class='ocrx_word' id='word_1_121' title='bbox 144 1436 236 1498; x_wconf 88' lang='lat' dir='ltr'>ipsi</span> <span class='ocrx_word' id='word_1_122' title='bbox 280 1431 658 1496; x_wconf 87' lang='lat' dir='ltr'>Agamemnoni,</span> <span class='ocrx_word' id='word_1_123' title='bbox 709 1446 880 1493; x_wconf 89' lang='lat' dir='ltr'>regum</span> <span class='ocrx_word' id='word_1_124' title='bbox 928 1431 1044 1493; x_wconf 92' lang='lat' dir='ltr'>regi,</span> <span class='ocrx_word' id='word_1_125' title='bbox 1095 1430 1182 1478; x_wconf 88' lang='lat' dir='ltr'>fuit</span> <span class='ocrx_word' id='word_1_126' title='bbox 1229 1430 1503 1489; x_wconf 89' lang='lat' dir='ltr'>honestum,</span> <span class='ocrx_word' id='word_1_127' title='bbox 1554 1432 1731 1478; x_wconf 90' lang='lat' dir='ltr'>habere</span> 
     </span>
     <span class='ocr_line' id='line_1_17' title="bbox 145 1512 1730 1579; baseline -0.003 -14"><span class='ocrx_word' id='word_1_128' title='bbox 145 1517 355 1579; x_wconf 92' lang='lat' dir='ltr'>aliquem</span> <span class='ocrx_word' id='word_1_129' title='bbox 413 1514 464 1561; x_wconf 93' lang='lat' dir='ltr'>in</span> <span class='ocrx_word' id='word_1_130' title='bbox 511 1513 723 1561; x_wconf 91' lang='lat' dir='ltr'>consiliis</span> <span class='ocrx_word' id='word_1_131' title='bbox 783 1512 1032 1575; x_wconf 89' lang='lat' dir='ltr'>capiendis</span> <span class='ocrx_word' id='word_1_132' title='bbox 1089 1512 1381 1573; x_wconf 83' lang='lat' dir='ltr'>Nestorem3</span> <span class='ocrx_word' id='word_1_133' title='bbox 1443 1514 1561 1560; x_wconf 90' lang='lat' dir='ltr'>mihi</span> <span class='ocrx_word' id='word_1_134' title='bbox 1617 1529 1730 1562; x_wconf 92' lang='lat' dir='ltr'>vero</span> 
     </span>
     <span class='ocr_line' id='line_1_18' title="bbox 143 1595 1730 1663; baseline -0.003 -16"><span class='ocrx_word' id='word_1_135' title='bbox 143 1599 410 1663; x_wconf 88' lang='lat' dir='ltr'>gloriosum</span> <span class='ocrx_word' id='word_1_136' title='bbox 458 1605 503 1644; x_wconf 92' lang='lat' dir='ltr'>te</span> <span class='ocrx_word' id='word_1_137' title='bbox 551 1596 773 1644; x_wconf 91' lang='lat' dir='ltr'>iuvenem</span> <span class='ocrx_word' id='word_1_138' title='bbox 822 1595 1073 1643; x_wconf 88' lang='lat' dir='ltr'>consulem</span> <span class='ocrx_word' id='word_1_139' title='bbox 1115 1595 1287 1643; x_wconf 90' lang='lat' dir='ltr'>florere</span> <span class='ocrx_word' id='word_1_140' title='bbox 1329 1596 1552 1644; x_wconf 88' lang='lat' dir='ltr'>laudibus</span> <span class='ocrx_word' id='word_1_141' title='bbox 1594 1597 1730 1659; x_wconf 89' lang='lat' dir='ltr'>quasi</span> 
     </span>
     <span class='ocr_line' id='line_1_19' title="bbox 145 1678 1731 1741; baseline -0.003 -10"><span class='ocrx_word' id='word_1_142' title='bbox 145 1682 394 1731; x_wconf 91' lang='lat' dir='ltr'>alumnum</span> <span class='ocrx_word' id='word_1_143' title='bbox 431 1679 712 1741; x_wconf 87' lang='lat' dir='ltr'>disciplinae</span> <span class='ocrx_word' id='word_1_144' title='bbox 750 1693 905 1725; x_wconf 89' lang='lat' dir='ltr'>meae.</span> <span class='ocrx_word' id='word_1_145' title='bbox 979 1694 1024 1740; x_wconf 86' lang='lat'>3.</span> <span class='ocrx_word' id='word_1_146' title='bbox 1062 1678 1120 1726; x_wconf 93' lang='lat' dir='ltr'>L.</span> <span class='ocrx_word' id='word_1_147' title='bbox 1152 1678 1350 1741; x_wconf 91' lang='lat' dir='ltr'>quidem</span> <span class='ocrx_word' id='word_1_148' title='bbox 1386 1678 1581 1737; x_wconf 90' lang='lat' dir='ltr'>Caesar,</span> <span class='ocrx_word' id='word_1_149' title='bbox 1620 1694 1731 1726; x_wconf 90' lang='lat' dir='ltr'>cum</span> 
     </span>
     <span class='ocr_line' id='line_1_20' title="bbox 146 1759 1733 1823; baseline -0.002 -11"><span class='ocrx_word' id='word_1_150' title='bbox 146 1764 209 1812; x_wconf 89' lang='lat' dir='ltr'>ad</span> <span class='ocrx_word' id='word_1_151' title='bbox 244 1778 356 1811; x_wconf 90' lang='lat' dir='ltr'>eum</span> <span class='ocrx_word' id='word_1_152' title='bbox 404 1767 657 1823; x_wconf 91' lang='lat' dir='ltr'>aegrotum</span> <span class='ocrx_word' id='word_1_153' title='bbox 694 1759 955 1823; x_wconf 90' lang='lat' dir='ltr'>Neapolim</span> <span class='ocrx_word' id='word_1_154' title='bbox 991 1760 1246 1818; x_wconf 90' lang='lat' dir='ltr'>venissem,</span> <span class='ocrx_word' id='word_1_155' title='bbox 1286 1776 1584 1823; x_wconf 91' lang='lat' dir='ltr'>quamquam</span> <span class='ocrx_word' id='word_1_156' title='bbox 1632 1770 1733 1809; x_wconf 89' lang='lat' dir='ltr'>erat</span> 
     </span>
     <span class='ocr_line' id='line_1_21' title="bbox 146 1842 1733 1908; baseline -0.001 -15"><span class='ocrx_word' id='word_1_157' title='bbox 146 1859 411 1908; x_wconf 87' lang='lat' dir='ltr'>oppressus</span> <span class='ocrx_word' id='word_1_158' title='bbox 436 1844 584 1891; x_wconf 89' lang='lat' dir='ltr'>totius</span> <span class='ocrx_word' id='word_1_159' title='bbox 610 1842 828 1905; x_wconf 87' lang='lat' dir='ltr'>corporis</span> <span class='ocrx_word' id='word_1_160' title='bbox 853 1842 1116 1901; x_wconf 92' lang='lat' dir='ltr'>doloribus,</span> <span class='ocrx_word' id='word_1_161' title='bbox 1139 1850 1301 1889; x_wconf 91' lang='lat' dir='ltr'>tamen</span> <span class='ocrx_word' id='word_1_162' title='bbox 1327 1851 1453 1901; x_wconf 91' lang='lat' dir='ltr'>ante,</span> <span class='ocrx_word' id='word_1_163' title='bbox 1481 1858 1629 1905; x_wconf 90' lang='lat' dir='ltr'>quam</span> <span class='ocrx_word' id='word_1_164' title='bbox 1654 1859 1733 1892; x_wconf 93' lang='lat' dir='ltr'>me</span> 
     </span>
     <span class='ocr_line' id='line_1_22' title="bbox 147 1923 1733 1990; baseline 0 -16"><span class='ocrx_word' id='word_1_165' title='bbox 147 1927 290 1990; x_wconf 91' lang='lat' dir='ltr'>plane</span> <span class='ocrx_word' id='word_1_166' title='bbox 317 1926 549 1984; x_wconf 88' lang='lat' dir='ltr'>salutavit,</span> <span class='ocrx_word' id='word_1_167' title='bbox 588 1929 599 1950; x_wconf 90' lang='lat'>‘</span> <span class='ocrx_word' id='word_1_168' title='bbox 621 1924 667 1973; x_wconf 92' lang='lat' dir='ltr'>O</span> <span class='ocrx_word' id='word_1_169' title='bbox 700 1925 767 1971; x_wconf 91' lang='lat' dir='ltr'>mi</span> <span class='ocrx_word' id='word_1_170' title='bbox 794 1923 998 1982; x_wconf 89' lang='lat' dir='ltr'>Cicero,&#39;</span> <span class='ocrx_word' id='word_1_171' title='bbox 1035 1923 1191 1987; x_wconf 89' lang='lat' dir='ltr'>inquit</span> <span class='ocrx_word' id='word_1_172' title='bbox 1229 1925 1468 1987; x_wconf 91' lang='lat' dir='ltr'>‘gratulor</span> <span class='ocrx_word' id='word_1_173' title='bbox 1498 1925 1595 1984; x_wconf 91' lang='lat' dir='ltr'>tibi,</span> <span class='ocrx_word' id='word_1_174' title='bbox 1622 1941 1733 1974; x_wconf 90' lang='lat' dir='ltr'>cum</span> 
     </span>
     <span class='ocr_line' id='line_1_23' title="bbox 148 2005 1734 2070; baseline 0 -13"><span class='ocrx_word' id='word_1_175' title='bbox 148 2017 335 2057; x_wconf 91' lang='lat' dir='ltr'>tantum</span> <span class='ocrx_word' id='word_1_176' title='bbox 378 2006 507 2055; x_wconf 88' lang='lat' dir='ltr'>vales</span> <span class='ocrx_word' id='word_1_177' title='bbox 555 2006 685 2069; x_wconf 93' lang='lat' dir='ltr'>apud</span> <span class='ocrx_word' id='word_1_178' title='bbox 728 2005 1047 2064; x_wconf 90' lang='lat' dir='ltr'>Dolabellam,</span> <span class='ocrx_word' id='word_1_179' title='bbox 1093 2014 1329 2068; x_wconf 91' lang='lat' dir='ltr'>quantum</span> <span class='ocrx_word' id='word_1_180' title='bbox 1379 2007 1418 2054; x_wconf 91' lang='lat' dir='ltr'>si</span> <span class='ocrx_word' id='word_1_181' title='bbox 1464 2023 1560 2069; x_wconf 93' lang='lat' dir='ltr'>ego</span> <span class='ocrx_word' id='word_1_182' title='bbox 1603 2010 1734 2070; x_wconf 91' lang='lat' dir='ltr'>apud</span> 
     </span>
     <span class='ocr_line' id='line_1_24' title="bbox 149 2087 1736 2150; baseline -0.002 -10"><span class='ocrx_word' id='word_1_183' title='bbox 149 2091 329 2140; x_wconf 90' lang='lat' dir='ltr'>sororis</span> <span class='ocrx_word' id='word_1_184' title='bbox 349 2090 500 2137; x_wconf 92' lang='lat' dir='ltr'>filium</span> <span class='ocrx_word' id='word_1_185' title='bbox 519 2089 740 2145; x_wconf 92' lang='lat' dir='ltr'>valerem,</span> <span class='ocrx_word' id='word_1_186' title='bbox 767 2087 865 2135; x_wconf 89' lang='lat' dir='ltr'>iam</span> <span class='ocrx_word' id='word_1_187' title='bbox 890 2087 1006 2135; x_wconf 87' lang='lat' dir='ltr'>salvi</span> <span class='ocrx_word' id='word_1_188' title='bbox 1031 2102 1138 2135; x_wconf 86' lang='lat' dir='ltr'>esse</span> <span class='ocrx_word' id='word_1_189' title='bbox 1164 2102 1436 2150; x_wconf 83' lang='lat' dir='ltr'>possemuS.</span> <span class='ocrx_word' id='word_1_190' title='bbox 1508 2088 1736 2137; x_wconf 85' lang='lat' dir='ltr'>Dolabel-</span> 
     </span>
     <span class='ocr_line' id='line_1_25' title="bbox 149 2169 1738 2234; baseline 0 -14"><span class='ocrx_word' id='word_1_191' title='bbox 149 2173 222 2221; x_wconf 90' lang='lat' dir='ltr'>lae</span> <span class='ocrx_word' id='word_1_192' title='bbox 242 2187 356 2219; x_wconf 88' lang='lat' dir='ltr'>vero</span> <span class='ocrx_word' id='word_1_193' title='bbox 381 2179 465 2219; x_wconf 91' lang='lat' dir='ltr'>tuo</span> <span class='ocrx_word' id='word_1_194' title='bbox 491 2179 538 2218; x_wconf 93' lang='lat' dir='ltr'>et</span> <span class='ocrx_word' id='word_1_195' title='bbox 561 2169 776 2233; x_wconf 91' lang='lat' dir='ltr'>gratulor</span> <span class='ocrx_word' id='word_1_196' title='bbox 800 2177 847 2217; x_wconf 90' lang='lat' dir='ltr'>et</span> <span class='ocrx_word' id='word_1_197' title='bbox 872 2169 1051 2231; x_wconf 88' lang='lat' dir='ltr'>gratias</span> <span class='ocrx_word' id='word_1_198' title='bbox 1075 2184 1198 2232; x_wconf 81' lang='lat' dir='ltr'>ago3</span> <span class='ocrx_word' id='word_1_199' title='bbox 1238 2185 1384 2233; x_wconf 90' lang='lat' dir='ltr'>quem</span> <span class='ocrx_word' id='word_1_200' title='bbox 1403 2171 1600 2234; x_wconf 91' lang='lat' dir='ltr'>quidem</span> <span class='ocrx_word' id='word_1_201' title='bbox 1625 2181 1738 2234; x_wconf 88' lang='lat' dir='ltr'>post</span> 
     </span>
     <span class='ocr_line' id='line_1_26' title="bbox 151 2252 1734 2317; baseline 0.001 -14"><span class='ocrx_word' id='word_1_202' title='bbox 151 2262 198 2303; x_wconf 93' lang='lat' dir='ltr'>te</span> <span class='ocrx_word' id='word_1_203' title='bbox 246 2253 497 2302; x_wconf 88' lang='lat' dir='ltr'>consulem</span> <span class='ocrx_word' id='word_1_204' title='bbox 547 2252 705 2300; x_wconf 89' lang='lat' dir='ltr'>solum</span> <span class='ocrx_word' id='word_1_205' title='bbox 751 2267 1014 2317; x_wconf 88' lang='lat' dir='ltr'>possumus</span> <span class='ocrx_word' id='word_1_206' title='bbox 1062 2269 1171 2301; x_wconf 92' lang='lat' dir='ltr'>vere</span> <span class='ocrx_word' id='word_1_207' title='bbox 1232 2254 1485 2302; x_wconf 88' lang='lat' dir='ltr'>consulem</span> <span class='ocrx_word' id='word_1_208' title='bbox 1545 2255 1734 2304; x_wconf 88' lang='lat' dir='ltr'>dicere.’</span> 
     </span>
     <span class='ocr_line' id='line_1_27' title="bbox 151 2335 1736 2400; baseline 0.002 -18"><span class='ocrx_word' id='word_1_209' title='bbox 151 2335 342 2383; x_wconf 90' lang='lat' dir='ltr'>Deinde</span> <span class='ocrx_word' id='word_1_210' title='bbox 371 2335 522 2383; x_wconf 91' lang='lat' dir='ltr'>multa</span> <span class='ocrx_word' id='word_1_211' title='bbox 555 2335 616 2383; x_wconf 90' lang='lat' dir='ltr'>de</span> <span class='ocrx_word' id='word_1_212' title='bbox 641 2335 771 2384; x_wconf 89' lang='lat' dir='ltr'>facto</span> <span class='ocrx_word' id='word_1_213' title='bbox 801 2351 858 2384; x_wconf 89' lang='lat' dir='ltr'>ac</span> <span class='ocrx_word' id='word_1_214' title='bbox 884 2336 943 2384; x_wconf 93' lang='lat' dir='ltr'>de</span> <span class='ocrx_word' id='word_1_215' title='bbox 968 2351 1018 2384; x_wconf 89' lang='lat' dir='ltr'>re</span> <span class='ocrx_word' id='word_1_216' title='bbox 1043 2344 1181 2398; x_wconf 87' lang='lat' dir='ltr'>gesta</span> <span class='ocrx_word' id='word_1_217' title='bbox 1195 2352 1207 2395; x_wconf 90' lang='lat'>;</span> <span class='ocrx_word' id='word_1_218' title='bbox 1247 2344 1350 2383; x_wconf 91' lang='lat' dir='ltr'>tum</span> <span class='ocrx_word' id='word_1_219' title='bbox 1375 2336 1491 2383; x_wconf 90' lang='lat' dir='ltr'>nihil</span> <span class='ocrx_word' id='word_1_220' title='bbox 1515 2338 1736 2400; x_wconf 88' lang='lat' dir='ltr'>magnifi-</span> 
     </span>
     <span class='ocr_line' id='line_1_28' title="bbox 153 2417 1737 2482; baseline 0.001 -16"><span class='ocrx_word' id='word_1_221' title='bbox 153 2417 352 2476; x_wconf 89' lang='lat' dir='ltr'>centius,</span> <span class='ocrx_word' id='word_1_222' title='bbox 388 2417 506 2464; x_wconf 92' lang='lat' dir='ltr'>nihil</span> <span class='ocrx_word' id='word_1_223' title='bbox 542 2417 830 2481; x_wconf 88' lang='lat' dir='ltr'>praeclarius</span> <span class='ocrx_word' id='word_1_224' title='bbox 873 2426 1037 2466; x_wconf 88' lang='lat' dir='ltr'>actum</span> <span class='ocrx_word' id='word_1_225' title='bbox 1073 2433 1322 2480; x_wconf 92' lang='lat' dir='ltr'>umquam,</span> <span class='ocrx_word' id='word_1_226' title='bbox 1360 2418 1476 2465; x_wconf 91' lang='lat' dir='ltr'>nihil</span> <span class='ocrx_word' id='word_1_227' title='bbox 1513 2419 1579 2466; x_wconf 90' lang='lat' dir='ltr'>rei</span> <span class='ocrx_word' id='word_1_228' title='bbox 1616 2421 1737 2482; x_wconf 93' lang='lat' dir='ltr'>pub-</span> 
     </span>
     <span class='ocr_line' id='line_1_29' title="bbox 154 2499 1739 2564; baseline 0.003 -16"><span class='ocrx_word' id='word_1_229' title='bbox 154 2500 273 2548; x_wconf 88' lang='lat' dir='ltr'>licae</span> <span class='ocrx_word' id='word_1_230' title='bbox 298 2499 559 2547; x_wconf 88' lang='lat' dir='ltr'>salutarius.</span> <span class='ocrx_word' id='word_1_231' title='bbox 631 2501 791 2564; x_wconf 91' lang='lat' dir='ltr'>Atque</span> <span class='ocrx_word' id='word_1_232' title='bbox 817 2501 938 2549; x_wconf 91' lang='lat' dir='ltr'>haec</span> <span class='ocrx_word' id='word_1_233' title='bbox 962 2516 1060 2549; x_wconf 90' lang='lat' dir='ltr'>una</span> <span class='ocrx_word' id='word_1_234' title='bbox 1084 2516 1178 2548; x_wconf 85' lang='lat' dir='ltr'>vox</span> <span class='ocrx_word' id='word_1_235' title='bbox 1204 2501 1421 2548; x_wconf 90' lang='lat' dir='ltr'>omniurn</span> <span class='ocrx_word' id='word_1_236' title='bbox 1449 2510 1537 2551; x_wconf 88' lang='lat' dir='ltr'>est.</span> <span class='ocrx_word' id='word_1_237' title='bbox 1611 2521 1654 2562; x_wconf 91' lang='lat'>4.</span> <span class='ocrx_word' id='word_1_238' title='bbox 1693 2504 1739 2552; x_wconf 90' lang='lat' dir='ltr'>A</span> 
     </span>
     <span class='ocr_line' id='line_1_30' title="bbox 155 2583 1740 2646; baseline 0.003 -16"><span class='ocrx_word' id='word_1_239' title='bbox 155 2589 202 2630; x_wconf 91' lang='lat' dir='ltr'>te</span> <span class='ocrx_word' id='word_1_240' title='bbox 250 2590 411 2630; x_wconf 90' lang='lat' dir='ltr'>autem</span> <span class='ocrx_word' id='word_1_241' title='bbox 459 2589 587 2644; x_wconf 90' lang='lat' dir='ltr'>peto,</span> <span class='ocrx_word' id='word_1_242' title='bbox 634 2590 688 2630; x_wconf 92' lang='lat' dir='ltr'>ut</span> <span class='ocrx_word' id='word_1_243' title='bbox 733 2598 812 2631; x_wconf 92' lang='lat' dir='ltr'>me</span> <span class='ocrx_word' id='word_1_244' title='bbox 855 2583 979 2631; x_wconf 92' lang='lat' dir='ltr'>hanc</span> <span class='ocrx_word' id='word_1_245' title='bbox 1027 2583 1165 2646; x_wconf 91' lang='lat' dir='ltr'>quasi</span> <span class='ocrx_word' id='word_1_246' title='bbox 1212 2583 1383 2631; x_wconf 91' lang='lat' dir='ltr'>falsam</span> <span class='ocrx_word' id='word_1_247' title='bbox 1425 2584 1740 2635; x_wconf 88' lang='lat' dir='ltr'>hereditatem</span> 
     </span>
     <span class='ocr_line' id='line_1_31' title="bbox 157 2662 1741 2730; baseline 0.004 -21"><span class='ocrx_word' id='word_1_248' title='bbox 157 2662 340 2710; x_wconf 90' lang='lat' dir='ltr'>alienae</span> <span class='ocrx_word' id='word_1_249' title='bbox 375 2662 555 2725; x_wconf 91' lang='lat' dir='ltr'>gloriae</span> <span class='ocrx_word' id='word_1_250' title='bbox 594 2665 725 2712; x_wconf 88' lang='lat' dir='ltr'>sinas</span> <span class='ocrx_word' id='word_1_251' title='bbox 765 2681 961 2713; x_wconf 91' lang='lat' dir='ltr'>cernere</span> <span class='ocrx_word' id='word_1_252' title='bbox 1006 2680 1182 2727; x_wconf 88' lang='lat' dir='ltr'>meque</span> <span class='ocrx_word' id='word_1_253' title='bbox 1225 2665 1385 2728; x_wconf 91' lang='lat' dir='ltr'>aliqua</span> <span class='ocrx_word' id='word_1_254' title='bbox 1425 2681 1486 2714; x_wconf 86' lang='lat' dir='ltr'>ex</span> <span class='ocrx_word' id='word_1_255' title='bbox 1521 2675 1655 2730; x_wconf 89' lang='lat' dir='ltr'>parte</span> <span class='ocrx_word' id='word_1_256' title='bbox 1692 2669 1741 2715; x_wconf 91' lang='lat' dir='ltr'>in</span> 
     </span>
     <span class='ocr_line' id='line_1_32' title="bbox 158 2744 1740 2812; baseline 0.004 -21"><span class='ocrx_word' id='word_1_257' title='bbox 158 2744 439 2792; x_wconf 86' lang='lat' dir='ltr'>societatem</span> <span class='ocrx_word' id='word_1_258' title='bbox 477 2753 667 2793; x_wconf 90' lang='lat' dir='ltr'>tuarum</span> <span class='ocrx_word' id='word_1_259' title='bbox 707 2747 905 2795; x_wconf 89' lang='lat' dir='ltr'>laudum</span> <span class='ocrx_word' id='word_1_260' title='bbox 940 2748 1101 2795; x_wconf 91' lang='lat' dir='ltr'>venire</span> <span class='ocrx_word' id='word_1_261' title='bbox 1144 2748 1338 2811; x_wconf 88' lang='lat' dir='ltr'>patiare.</span> <span class='ocrx_word' id='word_1_262' title='bbox 1413 2748 1740 2812; x_wconf 87' lang='lat' dir='ltr'>Quamquam,</span> 
     </span>
     <span class='ocr_line' id='line_1_33' title="bbox 158 2826 1743 2890; baseline 0.006 -17"><span class='ocrx_word' id='word_1_263' title='bbox 158 2826 224 2873; x_wconf 92' lang='lat' dir='ltr'>mi</span> <span class='ocrx_word' id='word_1_264' title='bbox 249 2826 694 2877; x_wconf 90' lang='lat' dir='ltr'>Dolabella—haec</span> <span class='ocrx_word' id='word_1_265' title='bbox 727 2830 858 2878; x_wconf 90' lang='lat' dir='ltr'>enim</span> <span class='ocrx_word' id='word_1_266' title='bbox 883 2831 1069 2879; x_wconf 88' lang='lat' dir='ltr'>iocatus</span> <span class='ocrx_word' id='word_1_267' title='bbox 1093 2845 1287 2890; x_wconf 87' lang='lat' dir='ltr'>sum—,</span> <span class='ocrx_word' id='word_1_268' title='bbox 1312 2830 1536 2880; x_wconf 78' lang='lat' dir='ltr'>libentius</span> <span class='ocrx_word' id='word_1_269' title='bbox 1570 2847 1743 2882; x_wconf 87' lang='lat' dir='ltr'>omnes</span> 
     </span>
    </p>
   </div>
   <div class='ocr_carea' id='block_1_3' title="bbox 907 2925 990 2967">
    <p class='ocr_par' dir='ltr' id='par_1_3' title="bbox 907 2925 990 2967">
     <span class='ocr_line' id='line_1_34' title="bbox 907 2925 990 2967; baseline 0 -8"><span class='ocrx_word' id='word_1_270' title='bbox 907 2925 990 2967; x_wconf 76' lang='lat'>02</span> 
     </span>
    </p>
   </div>
  </div>
 </body>
</html>
