2040 3048
129 142 202 193 Ep.
232 130 325 200 29.]
505 138 692 179 EPIST.
730 137 812 176 AD
849 136 1220 176 FAMILIARES
1256 138 1295 174 I.
1336 142 1385 194 9.
1638 123 1705 191 85

129 266 302 328 quibus
338 266 481 313 rebus
521 263 758 312 adductus
794 277 1037 325 quamque
1075 276 1177 308 rem
1211 275 1506 323 causamque
1542 259 1706 307 defen-

132 347 296 406 derim,
314 347 491 410 quique
511 359 649 393 meus
674 345 724 391 in
748 359 798 391 re
823 343 1019 407 publica
1045 343 1102 389 sit
1129 356 1216 404 pro
1241 357 1351 389 mea
1376 349 1510 404 parte
1538 355 1706 403 capes-

132 428 282 477 senda
319 435 496 486 status3
535 427 594 474 de
632 440 731 488 quo
768 426 836 473 sic
872 425 1014 471 velim
1051 432 1246 482 statuas,
1272 438 1351 470 me
1384 423 1505 471 haec
1535 423 1706 471 eadem

133 525 385 558 sensurum
418 509 580 567 fuisse,
607 508 646 555 si
678 507 797 554 mihi
822 507 1008 568 integra
1033 506 1198 553 omnia
1224 521 1279 552 ac
1306 505 1454 551 libera
1478 504 1705 552 fuissent:

131 607 245 639 nam
293 606 451 654 neque
498 589 818 653 pugnandum
866 588 1117 636 arbitrarer
1164 595 1333 634 contra
1380 594 1539 633 tantas
1586 599 1707 647 opes

131 689 289 736 neque
337 673 612 728 delendum,
654 672 799 719 etiam
847 670 887 718 si
935 669 985 717 id
1033 669 1133 715 fieri
1182 675 1362 730 posset,
1407 681 1708 715 summorum

132 757 305 804 civium
341 756 664 819 principatum
701 768 792 800 nec
828 750 1213 815 permanendum
1250 750 1301 797 in
1336 764 1435 797 una
1471 749 1708 796 sententia

132 839 374 887 conversis
422 839 565 885 rebus
614 852 671 884 ac
717 837 961 883 bonorum
1003 833 1330 881 voluntatibus
1370 832 1578 890 mutatis,
1623 831 1710 879 sed

132 921 430 984 temporibus
477 920 862 968 adsentiendum.
945 917 1229 979 Numquam
1276 915 1407 963 enim
1464 916 1514 962 in
1571 930 1707 977 prae-

133 1004 368 1051 stantibus
385 1004 435 1050 in
459 1018 511 1050 re
535 1002 729 1065 publica
753 999 1070 1063 gubernanda
1093 999 1202 1046 viris
1226 998 1419 1046 laudata
1443 1005 1516 1045 est
1540 997 1589 1044 in
1613 1012 1710 1044 una

135 1086 370 1133 sententia
401 1093 632 1148 perpetua
667 1083 960 1146 permansio,
988 1082 1087 1140 sed,
1113 1090 1165 1128 ut
1199 1082 1248 1127 in
1285 1079 1560 1142 navigando
1586 1087 1708 1127 tem-

134 1168 305 1230 pestati
347 1167 550 1230 obsequi
593 1167 707 1214 artis
747 1174 833 1223 est,
876 1165 1021 1212 etiam
1066 1165 1104 1211 si
1152 1171 1347 1226 portum
1396 1170 1559 1209 tenere
1607 1177 1708 1208 non

134 1265 298 1312 queas,
335 1264 447 1297 cum
488 1264 601 1297 vero
637 1248 687 1296 id
723 1248 883 1311 possis
920 1254 1104 1294 mutata
1141 1245 1457 1292 velificatione
1493 1243 1709 1307 adsequi,

134 1333 330 1380 stultum
377 1340 449 1379 est
494 1346 607 1378 eum
654 1341 816 1378 tenere
865 1345 976 1377 cum
1032 1328 1246 1390 periculo
1304 1342 1511 1386 cursum,
1562 1340 1708 1389 quem

134 1415 333 1477 ceperis,
359 1414 520 1476 potius
550 1428 698 1475 quam
730 1427 790 1460 eo
822 1418 1123 1459 commutato
1154 1425 1252 1473 quo
1277 1409 1392 1456 velis
1418 1417 1580 1456 tamen
1604 1423 1712 1471 per-

133 1497 306 1555 venire,
325 1497 405 1554 sic,
422 1510 533 1543 cum
553 1495 779 1542 omnibus
798 1493 941 1540 nobis
966 1493 1015 1539 in
1041 1491 1420 1539 administranda
1444 1506 1494 1538 re
1520 1490 1711 1553 publica

134 1580 436 1643 propositum
462 1593 568 1625 esse
594 1577 767 1625 debeat
791 1576 853 1634 id,
881 1575 1013 1639 quod
1043 1592 1072 1624 a
1101 1590 1180 1622 me
1214 1574 1499 1636 saepissime
1533 1573 1713 1622 dictum

134 1678 218 1728 est,
255 1683 365 1717 cum
405 1667 636 1730 dignitate
671 1667 838 1724 otium,
875 1680 978 1713 non
1015 1665 1145 1712 idem
1184 1679 1375 1726 semper
1413 1663 1587 1720 dicere,
1627 1662 1713 1710 sed

133 1753 263 1800 idem
289 1766 482 1813 semper
507 1757 726 1812 spectare
753 1749 1000 1796 debemuS.
1076 1745 1242 1805 Quam
1267 1747 1332 1793 ob
1357 1761 1474 1804 rem,
1490 1753 1543 1794 ut
1568 1745 1713 1809 paulo

135 1844 246 1883 ante
270 1833 427 1897 posui,
454 1833 493 1880 si
518 1840 681 1881 essent
705 1832 871 1879 omnia
900 1830 1017 1877 mihi
1052 1829 1359 1887 solutissima,
1386 1837 1549 1877 tamen
1579 1829 1628 1875 in
1664 1845 1715 1877 re

134 1917 327 1979 publica
362 1930 463 1962 non
499 1914 619 1962 alius
655 1928 812 1960 essem
850 1921 992 1975 atque
1029 1927 1157 1960 nunc
1195 1926 1330 1960 sum:
1370 1926 1482 1959 cum
1515 1925 1629 1958 vero
1666 1911 1715 1957 in

135 1999 266 2046 hunc
291 2012 488 2045 sensum
513 2005 559 2044 et
583 1996 776 2044 adliciat
800 1995 1045 2043 beneficiis
1078 1994 1333 2041 hominum
1367 2001 1414 2041 et
1451 1993 1714 2056 compellar

135 2081 329 2138 iniuriis,
356 2079 493 2127 facile
519 2079 675 2141 patior
699 2093 757 2126 ea
780 2093 860 2125 me
885 2078 946 2125 de
970 2093 1021 2125 re
1046 2076 1238 2139 publica
1264 2076 1439 2124 sentire
1463 2091 1520 2123 ac
1555 2076 1714 2124 dicere

137 2178 260 2226 quae
292 2162 502 2209 maxime
527 2176 639 2208 cum
664 2159 782 2207 mihi
807 2168 909 2207 tum
935 2159 1081 2206 etiam
1106 2158 1174 2205 rei
1200 2157 1421 2220 publicae
1446 2158 1715 2206 rationibus

137 2254 302 2308 putem
336 2245 620 2293 conducere.
694 2244 921 2306 Apertius
957 2250 1118 2290 autem
1151 2241 1273 2288 haec
1307 2256 1402 2302 ago
1428 2256 1485 2289 ac
1511 2242 1716 2303 saepius,

138 2323 271 2386 quod
317 2331 364 2371 et
412 2321 640 2381 Quintus,
685 2322 826 2370 frater
868 2335 1020 2378 meus,
1066 2320 1251 2381 legatus
1295 2327 1366 2366 est
1409 2317 1630 2367 Caesaris
1672 2327 1719 2366 et

139 2406 322 2454 nullum
357 2420 521 2452 meum
558 2404 813 2451 minimum
850 2403 1046 2460 dictum,
1080 2417 1182 2449 non
1217 2402 1369 2449 modo
1407 2400 1601 2460 factum,
1627 2416 1718 2463 pro

141 2486 348 2535 Caesare
383 2486 662 2544 intercessit,
701 2485 835 2547 quod
871 2484 947 2532 ille
984 2499 1086 2531 non
1128 2484 1192 2530 ita
1233 2482 1399 2530 illustri
1440 2482 1594 2544 gratia
1635 2497 1718 2530 ex-

143 2569 334 2631 ceperit,
373 2576 426 2615 ut
463 2583 556 2630 ego
598 2558 711 2615 eum
752 2566 869 2614 mihi
912 2567 1186 2614 devinctum
1234 2572 1469 2627 putarem.
1549 2564 1720 2627 Itaque

144 2653 246 2700 eius
270 2651 403 2699 omni
450 2658 497 2698 et
542 2651 707 2712 gratia,
752 2664 876 2711 quae
925 2663 1115 2696 summa
1154 2655 1239 2705 est,
1279 2654 1327 2694 et
1365 2647 1554 2709 opibuS‚
1598 2662 1720 2709 quas

147 2732 379 2794 intellegis
404 2747 509 2779 esse
533 2733 784 2790 maximas,
811 2732 878 2779 sic
904 2730 1035 2778 fruor
1058 2738 1110 2777 ut
1134 2730 1284 2787 meis;
1324 2744 1415 2776 nec
1449 2728 1565 2777 mihi
1589 2729 1722 2777 aliter

149 2815 361 2878 potuisse
415 2813 579 2862 videor
633 2812 885 2861 hominum
940 2812 1239 2873 perditorum
1286 2810 1347 2859 de
1393 2825 1472 2859 me
1521 2811 1722 2860 consilia
