2040 3048
251 131 514 200 Ep.93,94.]
562 139 746 180 EPIST.
786 139 868 178 AD
905 139 1278 180 FAMILIARES
1314 141 1394 180 JV.
1444 144 1522 195 14.
1728 142 1831 195 203

250 269 547 326 conficiatur,
576 266 830 330 ipsosque,
869 281 1079 329 quorum
1121 266 1321 314 nomina
1369 266 1551 330 scripsi,
1587 273 1834 329 utquam

248 348 732 399 honorificentissime
768 362 858 411 pro
895 355 977 396 tua
1015 355 1184 396 natura
1226 357 1274 396 et
1315 363 1463 412 quam
1503 348 1832 396 liberalissime

250 439 438 480 tractes.
491 446 534 493 3.
555 431 724 479 Bonos
742 430 869 478 viros
889 430 951 478 ad
971 438 1104 478 tuam
1124 431 1533 479 necessitudinem
1557 430 1832 479 adiunxeris

249 514 664 577 municipiumque
688 512 1016 575 gratissimum
1041 511 1281 560 beneficio
1306 520 1391 561 tuo
1416 512 1699 568 devinxeris,
1716 512 1834 560 mihi

249 612 363 645 vero
389 596 534 644 etiam
559 595 740 658 gratius
769 593 954 653 feceriS,
980 594 1115 658 quod
1148 610 1261 643 cum
1294 610 1488 659 semper
1521 596 1641 644 tueri
1674 596 1832 644 muni-

249 679 380 741 cipes
405 693 542 725 meos
568 677 815 736 consuevi,
840 683 945 724 tum
975 675 1055 724 hic
1088 691 1244 724 annus
1278 677 1539 741 praecipue
1574 676 1637 725 ad
1669 691 1832 724 meam

248 775 414 809 curam
445 759 756 822 officiumque
792 758 1027 822 pertinet:
1065 773 1180 806 nam
1217 758 1545 807 constituendi
1582 757 1833 820 municipii

249 858 395 890 causa
418 842 514 890 hoc
539 856 669 889 anno
696 841 902 889 aedilem
927 839 1078 888 filium
1102 856 1268 888 meum
1300 841 1402 889 fieri
1435 840 1564 889 volui
1598 847 1646 888 et
1678 839 1833 888 fratris

247 925 396 972 filium
444 933 491 972 et
538 925 609 972 M.
650 922 894 982 Caesium,
936 922 1189 971 hominem
1238 923 1356 971 mihi
1404 924 1617 971 maxime
1665 938 1834 971 neces-

248 1006 453 1060 sarium;
481 1006 522 1054 is
547 1007 677 1054 enim
702 1005 1011 1067 magistratus
1035 1004 1086 1051 in
1110 1013 1279 1054 nostro
1304 1006 1570 1068 municipio
1597 1021 1688 1053 nec
1714 1005 1833 1053 alius

247 1087 369 1136 ullus
393 1089 542 1137 creari
568 1089 718 1147 solet3
756 1102 884 1151 quos
917 1086 1256 1136 cohonestaris
1290 1088 1339 1135 in
1372 1088 1640 1151 primisque
1673 1103 1766 1145 me,
1793 1087 1834 1136 si

246 1186 323 1218 res
359 1171 552 1233 publica
584 1170 833 1232 municipii
866 1178 950 1217 tuo
984 1169 1158 1228 studio,
1185 1170 1431 1233 diligentia
1465 1171 1592 1218 bene
1629 1169 1834 1218 admini-

248 1259 394 1301 strata
429 1254 530 1302 erit.
601 1251 751 1312 Quod
786 1259 839 1299 ut
875 1250 1038 1310 facias,
1075 1259 1122 1299 te
1158 1251 1469 1300 vehementer
1505 1253 1650 1301 etiam
1687 1261 1830 1316 atque

247 1335 392 1383 etiam
424 1350 562 1398 rog0.

563 1466 647 1515 94.
718 1466 812 1514 AD
849 1466 1273 1515 FAMILIARES
1311 1466 1397 1515 IV.
1439 1482 1514 1527 14.

711 1563 820 1612 Sca.
858 1563 1041 1612 ROMAE
1077 1578 1216 1612 A.U.c.
1251 1565 1362 1623 708.

669 1666 721 1700 M.
746 1666 918 1700 crcERo
951 1666 987 1699 s.
1014 1667 1061 1699 D.
1087 1666 1161 1700 cN.
1187 1667 1408 1700 PLANcm.

322 1762 362 1795 1.
399 1747 548 1796 B1NAs
578 1762 607 1795 a
635 1755 681 1795 te
718 1748 886 1810 accepi
922 1747 1116 1806 litteras,
1145 1746 1386 1809 Corcyrae
1423 1747 1588 1807 datas;
1627 1764 1832 1813 quarum

248 1829 405 1877 alteris
435 1829 552 1876 mihi
588 1830 906 1892 gratulabare‚
933 1829 1067 1892 quod
1103 1830 1322 1878 audisses
1357 1845 1437 1878 me
1475 1846 1637 1879 meam
1674 1831 1832 1894 pristi-

248 1925 363 1958 nam
405 1910 691 1973 dignitatem
733 1912 968 1970 obtinere,
1005 1911 1164 1959 alteris
1205 1911 1403 1960 dicebas
1446 1920 1493 1960 te
1534 1912 1669 1971 velle,
1707 1928 1832 1975 quae

248 1994 469 2056 egissem,
491 1994 618 2042 bene
652 2002 700 2042 et
732 1993 928 2042 feliciter
953 1993 1156 2042 evenire.
1215 1992 1327 2057 Ego
1353 2002 1529 2053 autem,
1556 1994 1596 2043 si
1622 1995 1831 2058 dignitas

247 2083 320 2123 est
342 2077 467 2124 bene
493 2075 553 2123 de
578 2091 629 2124 re
655 2076 848 2139 publica
872 2075 1047 2124 sentire
1074 2083 1122 2123 et
1153 2076 1295 2124 bonis
1322 2076 1431 2125 viris
1464 2077 1671 2139 probare
1697 2077 1831 2140 quod

247 2158 439 2216 sentias,
464 2158 664 2206 obtineo
690 2158 974 2221 dignitatem
999 2173 1161 2205 meam
1175 2174 1188 2217 3
1228 2159 1301 2206 sin
1326 2166 1488 2207 autem
1512 2159 1562 2206 in
1588 2174 1647 2207 eo
1674 2160 1829 2222 digni·

247 2250 319 2290 tas
345 2249 431 2300 est,
457 2242 511 2301 si,
537 2242 672 2304 quod
698 2241 891 2300 sentias,
919 2250 1000 2290 aut
1024 2257 1075 2289 re
1101 2241 1289 2290 efficere
1314 2243 1474 2305 possis
1504 2251 1587 2290 aut
1619 2243 1828 2307 denique

246 2324 394 2371 libera
417 2325 634 2372 oratione
664 2323 938 2383 defendere,
966 2339 1027 2371 ne
1060 2324 1314 2386 vestigium
1346 2324 1543 2388 quidem
1576 2326 1727 2373 ullum
1757 2334 1829 2374 est

247 2405 484 2468 reliquum
521 2406 662 2454 nobis
700 2405 957 2468 dignitatis,
986 2407 1237 2469 agiturque
1273 2406 1531 2468 praeclare,
1560 2408 1598 2455 si
1636 2415 1829 2456 nosmet

246 2486 378 2548 ipsos
415 2502 580 2549 regere
618 2502 895 2550 possumus,
932 2495 984 2535 ut
1020 2502 1091 2546 ea,
1130 2503 1253 2550 quae
1291 2489 1464 2550 partim
1501 2489 1597 2536 iam
1637 2489 1827 2547 adsunt,

246 2570 420 2631 partim
446 2569 744 2634 impendent,
770 2570 1020 2618 moderate
1048 2569 1270 2624 feramus,
1298 2571 1432 2632 quod
1457 2579 1529 2619 est
1555 2571 1742 2620 difficile
1777 2573 1826 2621 in

246 2650 347 2698 eius
389 2650 524 2699 modi
565 2651 708 2710 bello,
747 2652 884 2701 cuius
931 2652 1088 2700 exitus
1137 2667 1197 2699 ex
1246 2652 1394 2700 altera
1440 2660 1575 2716 parte
1623 2655 1826 2703 caedem

245 2739 469 2790 ostentat,
507 2748 567 2780 ex
603 2732 748 2781 altera
790 2735 1077 2782 servitutem.
1155 2750 1196 2781 2.
1236 2733 1350 2793 Quo
1387 2735 1436 2782 in
1474 2736 1686 2798 periculo
1724 2752 1825 2785 non

245 2814 362 2862 nihil
391 2828 468 2862 me
502 2815 792 2873 consolatur,
820 2831 933 2864 cum
963 2816 1193 2864 recordor
1224 2816 1344 2864 haec
1382 2833 1460 2865 me
1498 2827 1600 2866 tum
1635 2818 1821 2877 vidisse,
