2040 3048
284 96 351 148 86
736 109 799 147 M.
844 109 1039 148 TULLII
1077 108 1392 148 CICERONIS
1661 98 1775 166 [Pars
1801 110 1856 150 11.

282 236 515 298 frangere,
541 234 632 282 nisi
667 249 777 281 cum
803 233 1050 296 praesidiis
1076 234 1146 292 iis,
1174 249 1297 297 quae
1324 249 1516 297 semper
1541 234 1701 293 habui,
1728 251 1856 283 nunc

282 317 421 363 etiam
464 316 732 378 potentium
775 314 1159 363 benevolentiam
1199 316 1571 363 coniunxissem.
1648 332 1723 364 22.
1763 314 1858 363 His

284 412 377 459 ego
402 397 626 454 consiliis,
654 397 693 443 si
727 404 772 444 te
807 403 1111 458 praesentem
1143 396 1435 455 habuissem,
1460 405 1513 443 ut
1548 397 1714 458 opinio
1747 411 1858 444 mea

283 479 385 536 fert,
429 493 587 526 essem
635 493 749 526 usus
799 478 1010 537 eisdem;
1059 478 1172 525 novi
1220 478 1348 526 enim
1397 479 1764 540 temperantiam
1812 486 1859 525 et

282 560 669 607 moderationem
717 567 916 606 naturae
966 568 1089 618 tuae,
1139 560 1250 607 novi
1306 560 1520 607 animum
1576 575 1686 607 cum
1741 558 1858 606 mihi

284 641 643 700 amicissimum,
670 649 772 688 tum
799 641 928 689 nulla
951 642 1000 689 in
1027 649 1213 690 ceteros
1243 642 1575 689 malevolentia
1609 642 1857 700 suffusum,

283 732 543 787 contraque
569 739 679 772 cum
704 739 939 786 magnum
964 732 1011 772 et
1036 724 1292 782 excelsum,
1319 732 1421 771 tum
1455 725 1601 772 etiarn
1634 731 1855 786 apertum

284 815 331 855 et
367 807 646 869 simplicem.
719 806 833 854 Vidi
869 822 962 868 ego
998 808 1237 869 quosdam
1273 808 1322 854 in
1358 815 1404 854 te
1435 807 1569 865 tales,
1601 807 1768 869 quales
1806 815 1858 854 tu

285 889 485 937 eosdem
509 889 558 935 in
581 903 660 935 me
685 888 844 935 videre
870 888 1093 949 potuisti:
1134 903 1255 951 quae
1280 903 1359 935 me
1383 896 1652 946 moverunt,
1677 888 1855 935 movis-

288 978 394 1018 sent
426 970 597 1017 eadem
631 977 678 1016 te
710 969 940 1031 profecto.
1015 969 1125 1027 Sed,
1151 984 1458 1031 quocumque
1491 977 1708 1032 tempore
1740 968 1858 1016 mihi

285 1059 499 1115 potestas
532 1051 797 1113 praesentis
834 1052 900 1098 tui
938 1051 1088 1104 fuerit,
1115 1060 1164 1098 tu
1198 1052 1290 1099 eris
1326 1052 1545 1099 omniurn
1583 1050 1858 1098 moderator

287 1132 598 1182 consiliorum
631 1147 850 1180 meorum
867 1148 878 1191 ;
918 1133 1001 1179 tibi
1036 1133 1122 1180 erit
1155 1132 1324 1191 eidem,
1353 1133 1428 1180 cui
1461 1132 1587 1180 salus
1621 1147 1731 1180 mea
1756 1133 1855 1189 fuit,

286 1215 428 1264 etiam
455 1214 661 1275 dignitas
688 1228 843 1262 curae.
916 1213 1000 1262 Me
1027 1214 1221 1276 quidem
1243 1222 1370 1262 certe
1389 1223 1576 1262 tuarum
1596 1215 1856 1273 actionum,

288 1294 644 1352 sententiarum,
670 1293 983 1352 voluntatum,
1009 1308 1166 1340 rerum
1194 1293 1401 1355 denique
1426 1295 1646 1341 omnium
1672 1294 1857 1342 socium

288 1378 611 1439 comitemque
641 1375 854 1434 habebis,
876 1390 1034 1437 neque
1058 1375 1174 1422 mihi
1201 1376 1249 1422 in
1274 1377 1408 1423 omni
1433 1377 1527 1423 vita
1550 1392 1626 1424 res
1649 1385 1746 1424 tam
1772 1377 1859 1424 erit

289 1460 382 1509 ulla
418 1458 680 1522 proposita,
711 1472 858 1520 quam
893 1465 946 1505 ut
981 1457 1194 1519 quotidie
1229 1457 1558 1506 vehementius
1593 1466 1639 1506 te
1678 1458 1738 1506 de
1779 1473 1858 1505 me

290 1543 471 1606 optime
506 1541 729 1588 meritum
767 1555 871 1587 esse
907 1539 1095 1587 laetere.
1170 1555 1247 1600 23.
1286 1538 1435 1597 Quod
1471 1555 1629 1601 rogas,
1662 1548 1715 1592 ut
1750 1555 1860 1587 mea

287 1626 371 1673 tibi
405 1623 579 1686 scripta
610 1622 811 1680 mittam,
837 1637 961 1684 quae
985 1630 1097 1684 post
1121 1623 1387 1670 discessum
1413 1630 1549 1670 tuum
1574 1623 1857 1685 scripserim,

290 1715 400 1756 sunt
425 1705 668 1754 orationes
700 1705 955 1767 quaedam,
982 1719 1103 1767 quas
1136 1703 1409 1751 Menocrito
1442 1704 1583 1762 dabo,
1608 1720 1766 1766 neque
1797 1705 1861 1751 ita

288 1790 490 1848 multae;
525 1803 585 1835 ne
610 1787 937 1850 pertimescas.
1011 1786 1189 1849 Scripsi
1214 1787 1544 1833 etiam—nam
1568 1801 1646 1833 me
1671 1787 1767 1833 iam
1797 1787 1859 1833 ab

287 1871 584 1920 orationibus
650 1869 849 1931 diiungo
914 1868 1012 1916 fere
1078 1868 1330 1931 referoque
1389 1868 1452 1916 ad
1509 1869 1859 1916 mansuetiores

286 1955 472 2013 Musas,
498 1968 621 2016 quae
655 1968 733 2000 me
766 1952 978 1999 maxime
1012 1952 1134 1999 sicut
1166 1952 1261 1999 iam
1291 1968 1320 1999 a
1348 1952 1504 2014 prima
1539 1952 1862 2000 adulescentia

287 2034 823 2096 delectarunt—scripsi
871 2034 1013 2096 igitur
1064 2033 1343 2081 Aristotelio
1399 2049 1549 2093 more,
1598 2049 1742 2096 quem
1798 2036 1860 2083 ad

285 2120 487 2167 modum
539 2116 734 2180 quidem
791 2116 931 2173 volui,
980 2123 1075 2163 tres
1121 2115 1269 2162 libros
1316 2112 1386 2180 [in
1434 2116 1756 2178 disputatione
1805 2133 1860 2165 ac

288 2197 503 2266 dialogo]
533 2205 544 2225 ‘
561 2200 621 2247 de
658 2197 875 2257 oratore,'
901 2212 1024 2260 quos
1059 2198 1258 2245 arbitror
1290 2196 1496 2244 Lentulo
1522 2205 1606 2245 tuo
1632 2198 1733 2246 fore
1759 2214 1860 2247 non

284 2283 503 2342 inutiles;
553 2281 812 2329 abhorrent
859 2280 988 2326 enim
1038 2294 1066 2325 a
1113 2279 1453 2326 communibus
1500 2281 1767 2342 praeceptis
1815 2290 1862 2329 et

289 2380 488 2414 omnem
530 2363 840 2424 antiquorum
883 2368 930 2408 et
971 2360 1296 2407 Aristoteliam
1338 2368 1384 2407 et
1423 2360 1705 2408 Isocratiam
1751 2365 1860 2410 rati-

289 2462 436 2495 onem
473 2445 733 2493 oratoriam
770 2442 1166 2504 complectuntur.
1242 2440 1419 2503 Scripsi
1461 2442 1604 2489 etiam
1647 2444 1861 2491 versibus

289 2539 382 2578 tres
418 2529 565 2576 libros
601 2526 661 2575 de
697 2525 997 2588 temporibus
1032 2524 1166 2581 meis,
1203 2538 1327 2584 quos
1364 2523 1459 2569 iam
1495 2524 1682 2585 pridem
1718 2525 1780 2572 ad
1815 2533 1861 2573 te

292 2611 545 2668 misissem,
572 2609 611 2657 si
636 2623 742 2656 esse
768 2606 983 2655 edendos
1013 2612 1291 2667 putassem,
1331 2612 1440 2652 sunt
1477 2605 1605 2652 enim
1637 2612 1782 2654 testes
1814 2616 1862 2655 et

293 2701 431 2743 erunt
479 2691 757 2755 sempiterni
803 2690 1081 2737 meritorum
1128 2702 1243 2749 erga
1279 2701 1358 2734 me
1396 2694 1589 2734 tuorum
1629 2703 1861 2750 meaeque

293 2774 510 2839 pietatis3
552 2773 638 2821 sed
663 2767 817 2838 [quia]
839 2771 1035 2819 verebar
1059 2784 1159 2817 non
1185 2783 1283 2826 eos,
1304 2769 1386 2830 qui
1411 2784 1462 2817 se
1487 2768 1644 2816 laesos
1668 2770 1860 2817 arbitra-

2035 1687 2040 1692 .
2032 1645 2040 1669 .—
2029 1495 2040 1630 -m——.
2031 1379 2040 1482 --..-
2037 1329 2040 1336 .
