2040 3048
291 95 359 144 42
756 89 818 130 M.
860 89 1056 128 Τυιιιι
1094 89 1262 128 crem
1270 60 1429 128 oms'
1693 79 1808 147 [Pars
1827 92 1858 131 1.

293 221 355 270 ad
391 220 451 280 Q.
491 220 690 269 Publicii
729 227 934 268 statuam
977 219 1222 268 decretum
1262 228 1348 278 est,
1385 228 1691 283 erogaretur:
1727 219 1861 283 quod

293 317 387 365 ego
421 310 468 350 te
504 310 552 351 et
587 317 709 364 rogo
744 309 793 349 et
827 302 1088 360 admone0,
1122 317 1184 349 ne
1220 302 1324 350 talis
1361 302 1443 349 viri
1481 310 1675 364 tamque
1712 301 1862 349 nostri

295 384 549 433 necessarii
573 383 813 432 honorem
838 383 988 430 minui
1014 398 1100 446 per
1122 391 1168 431 te
1193 392 1274 431 aut
1292 383 1513 446 impediri
1531 384 1657 431 velis.
1720 382 1861 430 Prae-

295 474 423 514 terea
445 465 628 527 Aesopi
665 460 943 530 [tragoedi],
969 465 1120 513 nostri
1153 463 1410 523 familiaris,
1435 464 1648 513 Licinius
1682 479 1860 521 servus,

294 548 379 595 tibi
403 555 560 604 notus,
586 545 769 609 aufugit
790 560 800 593 τ
837 546 878 594 is
903 545 1106 594 Athenis
1131 546 1261 608 apud
1286 545 1544 594 Patronem
1570 545 1863 608 Epicureum

296 644 384 692 pro
408 629 557 676 libero
582 629 701 687 fuit;
739 627 851 676 inde
883 627 934 674 in
965 627 1132 676 Asiam
1164 627 1305 675 venit.
1378 627 1556 675 Postea
1587 627 1725 675 Plato
1759 627 1863 691 qui-

296 712 411 759 dam
436 710 711 768 Sardianus,
736 709 1019 772 Epicureus,
1045 709 1127 773 qui
1153 709 1356 758 Athenis
1381 709 1504 758 solet
1528 725 1634 757 esse
1659 708 1863 756 multum

297 803 343 842 et
365 794 447 856 qui
470 802 571 841 tum
596 794 799 841 Athenis
833 793 1000 851 fuerat,
1026 808 1137 841 cum
1170 792 1383 841 Licinius
1416 790 1476 840 eo
1509 793 1727 851 venisset,
1753 807 1864 840 cum

297 890 409 923 eum
436 875 687 938 fugitivum
719 889 824 923 esse
861 882 1032 937 postea
1068 890 1128 923 ex
1164 874 1350 937 Aesopi
1384 875 1549 923 litteris
1586 882 1864 937 cognosset,

297 956 546 1005 hominem
579 956 944 1019 comprehendit
972 964 1020 1004 et
1052 956 1102 1003 in
1132 957 1405 1005 custodiam
1441 955 1623 1019 Ephesi
1659 955 1866 1014 tradidit,

300 1040 385 1088 sed
408 1040 458 1087 in
482 1039 726 1102 publicam
750 1053 814 1086 an
836 1039 886 1085 in
911 1037 1166 1101 pistrinum
1197 1052 1298 1086 non
1330 1038 1443 1086 satis
1477 1053 1536 1086 ex
1570 1038 1735 1086 litteris
1767 1038 1870 1086 eius

299 1120 571 1183 intellegere
619 1119 891 1182 potuimus:
942 1127 1007 1177 tu,
1056 1133 1257 1182 quoquo
1305 1118 1456 1167 modo
1505 1127 1591 1177 est,
1639 1119 1871 1182 quoniam

301 1202 484 1265 Ephesi
502 1210 587 1260 est,
602 1201 852 1250 hominem
870 1201 1126 1263 investiges
1149 1200 1292 1248 velim
1318 1215 1603 1264 summaque
1629 1201 1873 1264 diligentia

300 1285 375 1332 vel
397 1292 557 1332 tecum
583 1283 807 1331 deducas.
870 1281 985 1331 Noli
1010 1291 1243 1345 spectare,
1263 1283 1431 1346 quanti
1454 1282 1605 1331 homo
1627 1283 1712 1341 sit3
1740 1282 1871 1345 parvi

303 1367 431 1415 enim
477 1366 615 1429 pretii
662 1373 747 1424 est,
787 1365 869 1428 qui
917 1366 1014 1412 iam
1060 1365 1193 1413 nihili
1241 1374 1340 1423 est;
1391 1365 1479 1413 sed
1525 1372 1661 1412 tanto
1705 1365 1872 1413 dolore

302 1449 528 1511 Aesopus
551 1455 625 1497 est
648 1447 865 1495 adfectus
889 1454 1088 1510 propter
1113 1447 1234 1495 servi
1263 1447 1419 1496 scelus
1454 1455 1501 1495 et
1533 1447 1797 1506 audaciam,
1822 1455 1874 1494 ut

303 1530 419 1578 nihil
465 1531 509 1579 ei
554 1530 734 1593 gratius
780 1529 939 1578 facere
984 1529 1160 1593 possis,
1208 1544 1355 1592 quam
1411 1529 1451 1577 si
1502 1529 1634 1576 illum
1690 1544 1775 1592 per
1828 1537 1875 1577 te

304 1612 609 1675 recuperarit.

370 1694 431 1741 V.
477 1706 550 1754 15.
588 1693 733 1742 Nunc
757 1709 814 1742 ea
838 1707 1100 1756 cognosce,
1121 1708 1246 1757 quae
1271 1693 1480 1741 maxime
1506 1702 1737 1756 exoptas:
1773 1708 1875 1741 rem

304 1776 550 1839 publicam
594 1774 807 1823 funditus
848 1775 1111 1833 amisimus,
1151 1775 1273 1823 adeo
1314 1783 1367 1822 ut
1409 1774 1550 1833 Cato,
1591 1775 1876 1822 adulescens

306 1858 478 1906 nullius
516 1856 716 1914 consilii,
753 1857 839 1904 sed
876 1865 1038 1904 tamen
1081 1857 1197 1904 civis
1241 1856 1494 1905 Romanus
1537 1864 1584 1904 et
1623 1855 1761 1915 Cato,
1800 1857 1877 1902 vix

306 1940 438 1987 vivus
478 1939 724 2001 effugeret,
760 1937 908 2001 quod,
952 1953 1063 1985 cum
1107 1936 1373 1986 Gabinium
1417 1938 1477 1986 de
1517 1938 1701 1986 ambitu
1741 1936 1881 1985 vellet

308 2020 563 2084 postulare,
581 2034 739 2082 neque
763 2026 1010 2082 praetores
1037 2018 1207 2066 diebus
1232 2019 1412 2081 aliquot
1437 2019 1555 2067 adiri
1579 2027 1781 2082 possent
1804 2018 1879 2065 vel

309 2109 598 2166 potestatem
633 2102 707 2149 sui
741 2100 968 2158 facerent,
1002 2100 1052 2146 in
1088 2100 1369 2148 contionem
1401 2100 1618 2149 escendit
1654 2108 1702 2148 et
1737 2099 1879 2148 Pom-

310 2185 474 2247 peium
508 2184 743 2246 privatum
780 2183 1062 2230 dictatorem
1099 2181 1376 2244 appellavit;
1420 2183 1619 2245 propius
1656 2182 1772 2229 nihil
1809 2190 1881 2230 est

311 2267 504 2325 factum,
548 2281 694 2328 quam
740 2273 793 2313 ut
839 2264 1152 2313 occideretur.
1223 2264 1298 2311 Ex
1346 2264 1454 2323 hoc,
1493 2265 1575 2327 qui
1624 2265 1684 2312 sit
1731 2273 1882 2313 status

312 2350 456 2397 totius
503 2348 571 2396 rei
618 2348 851 2410 publicae,
903 2345 1060 2394 videre
1108 2354 1264 2409 potes.
1347 2347 1421 2393 16.
1465 2345 1672 2394 Nostrae
1722 2355 1882 2394 tamen

314 2446 487 2478 causae
535 2445 636 2478 non
682 2429 901 2477 videntur
949 2428 1171 2476 homines
1220 2427 1450 2476 defuturi:
1512 2428 1786 2476 mirandum
1835 2430 1883 2476 in

315 2512 515 2560 modum
562 2512 859 2574 profitentur,
902 2509 1110 2557 offerunt
1158 2526 1222 2567 se,
1268 2511 1569 2572 pollicentur.
1644 2510 1885 2573 Equidem

317 2609 427 2642 cum
469 2609 554 2656 spe
594 2609 701 2641 sum
743 2593 966 2649 maxima,
1011 2600 1111 2640 tum
1151 2592 1334 2640 maiore
1377 2592 1519 2640 etiam
1562 2592 1741 2650 animo,
1785 2607 1886 2654 spe,

317 2675 586 2739 superiores
610 2675 711 2723 fore
737 2690 843 2733 nos,
869 2674 1048 2731 anim0‚
1074 2681 1126 2722 ut
1150 2674 1200 2721 in
1225 2673 1314 2722 hac
1338 2689 1388 2720 re
1413 2674 1606 2735 publica
1630 2689 1691 2721 ne
1721 2688 1886 2721 casum

319 2756 515 2819 quidem
540 2756 689 2804 ullum
714 2756 1064 2818 pertimescam.
1139 2754 1235 2802 Sed
1260 2763 1421 2802 tamen
1447 2769 1497 2801 se
1522 2769 1596 2801 res
1622 2754 1689 2801 sic
1715 2753 1886 2803 habet:
