2040 3048
164 167 234 218 Ep.
257 178 346 220 111,
371 154 482 224 ιη]
547 165 733 207 EPIST.
763 165 845 206 AD
869 167 1146 208 ATTICUM
1169 169 1288 208 XIV.
1320 170 1403 209 21.
1642 171 1742 224 229

164 291 280 351 Quo
304 292 431 342 facto
458 293 735 358 intellegere
762 295 910 344 debes
934 296 983 344 in
1017 305 1063 345 te
1089 297 1299 360 positam
1332 310 1437 345 esse
1463 311 1565 343 rem
1589 294 1743 358 publi-

162 390 269 423 cam
296 376 477 439 tibique
502 391 603 424 non
627 376 779 425 modo
806 378 1027 438 tuendos,
1054 379 1139 427 sed
1176 379 1319 427 etiam
1354 377 1603 427 ornandos
1636 392 1743 424 esse

162 456 266 505 illos
290 458 430 517 viros,
458 474 487 507 a
510 458 687 522 quibus
712 459 901 507 initium
926 459 1154 509 libertatis
1180 460 1452 524 profectum
1485 467 1571 508 est.
1646 458 1743 507 Sed

160 538 234 587 his
270 540 330 588 de
365 541 509 589 rebus
547 556 712 590 coram
747 541 885 604 plura
918 542 1220 605 propediem,
1246 551 1297 590 ut
1335 557 1506 604 spero:
1543 549 1594 589 tu
1621 555 1741 604 quo-

161 621 292 669 niam
324 637 425 670 rem
455 622 698 686 publicam
734 638 922 685 nosque
959 639 1229 682 conservas,
1256 623 1333 672 fac
1358 631 1409 671 ut
1434 622 1742 686 diligentissi-

160 718 240 751 me
264 712 309 751 te
334 704 509 767 ipsum,
536 705 601 752 mi
625 704 894 763 Dolabella,
921 706 1182 754 custodias.

485 838 594 884 112.
665 835 759 883 AD
795 835 1123 883 ATTICUM
1161 834 1298 883 XIV.
1340 852 1414 884 21.

237 928 346 979 SCR.
384 946 434 980 IN
469 931 767 980 PUTEOLANO
803 947 847 980 A.
873 947 920 980 D.
943 947 988 979 v.
1026 931 1140 979 Inus
1177 931 1344 980 MArAs
1377 946 1514 981 Aue.
1556 942 1667 993 710.

749 1037 920 1071 crcERo
957 1036 1148 1071 ATT1co.

236 1131 277 1164 1.
321 1115 437 1165 CUM
479 1117 626 1180 paulo
670 1125 782 1166 ante
827 1117 1069 1166 dedissem
1112 1116 1178 1167 ad
1215 1124 1262 1165 te
1305 1115 1459 1166 Cassii
1499 1116 1742 1166 tabellario

161 1197 353 1256 litteras,
379 1216 423 1248 v.
450 1199 567 1248 Idus
603 1200 732 1248 venit
767 1208 932 1248 noster
974 1200 1260 1258 tabellarius,
1298 1207 1345 1247 et
1383 1199 1593 1263 quidem,
1631 1214 1743 1262 por-

161 1281 279 1327 tenti
313 1281 480 1340 simile,
506 1282 609 1330 sine
637 1282 731 1330 tuis
763 1281 958 1341 litteris;
998 1281 1085 1330 sed
1119 1282 1215 1330 cito
1250 1282 1436 1330 conieci
1464 1267 1669 1329 Lanuvii
1699 1289 1744 1327 te

164 1361 323 1411 fuisse.
395 1362 523 1411 Eros
552 1372 715 1413 autem
739 1363 992 1423 festinavit,
1018 1372 1070 1412 ut
1103 1362 1165 1412 ad
1197 1379 1277 1412 me
1308 1364 1491 1412 litterae
1516 1363 1745 1411 Dolabel-

163 1443 236 1491 lae
277 1445 612 1506 perferrentur,
651 1461 754 1494 non
794 1446 854 1494 de
896 1462 946 1494 re
995 1446 1395 1494 mea—nondum
1438 1446 1568 1493 enim
1610 1460 1745 1492 meas

165 1535 501 1589 acceperat—,
527 1528 614 1576 sed
638 1528 880 1590 rescripsit
913 1527 976 1575 ad
999 1544 1095 1588 eas,
1124 1544 1328 1592 quarum
1359 1529 1637 1591 exemplum
1662 1526 1746 1575 tibi

163 1609 405 1667 miseram,
440 1624 557 1658 sane
593 1610 847 1658 luculente.
927 1626 970 1658 2.
1008 1610 1087 1658 Ad
1125 1626 1204 1658 me
1239 1618 1416 1669 autem,
1452 1626 1563 1659 cum
1589 1607 1745 1659 Cassii

164 1692 461 1741 tabellarium
489 1693 791 1752 dimisissem,
820 1694 980 1741 statim
1006 1692 1201 1742 Balbus.
1275 1693 1320 1742 O
1347 1694 1424 1742 dei
1447 1694 1578 1753 boni,
1600 1709 1743 1756 quam

164 1773 302 1823 facile
341 1775 640 1838 perspiceres
682 1776 849 1824 timere
891 1778 1072 1824 otium!
1130 1784 1178 1824 et
1218 1777 1347 1824 nosti
1389 1776 1556 1834 virum,
1599 1792 1743 1840 quam

165 1865 350 1916 tectus;
391 1859 476 1906 sed
513 1867 676 1906 tamen
712 1857 913 1906 Antonii
950 1858 1152 1906 consilia
1187 1859 1444 1907 narrabat:
1487 1859 1621 1907 illum
1657 1859 1746 1907 cir-

165 1940 347 1988 cumire
385 1948 650 1998 veteranos,
695 1948 746 1987 ut
794 1948 902 1988 acta
944 1939 1165 1989 Caesaris
1213 1941 1455 1989 sancirent
1501 1941 1646 2004 idque
1696 1957 1746 1989 se

165 2023 376 2072 facturos
424 2039 530 2072 esse
578 2023 800 2082 iurarent,
841 2031 894 2071 ut
942 2032 1045 2071 rata
1093 2039 1266 2071 omnes
1307 2024 1544 2072 haberent
1592 2040 1746 2089 eaque

165 2105 404 2154 duumviri
452 2106 678 2154 omnibus
724 2106 975 2154 mensibus
1023 2106 1332 2169 inspicerent.
1404 2106 1621 2166 Questus
1676 2117 1747 2157 est

166 2188 311 2236 etiam
354 2187 414 2235 de
457 2203 544 2235 sua
583 2187 776 2246 invidia,
816 2203 970 2251 eaque
1012 2188 1173 2238 omnis
1213 2189 1316 2237 eius
1359 2191 1515 2238 oratio
1554 2190 1656 2250 fuit,
1696 2199 1749 2238 ut

166 2285 325 2317 amare
350 2270 588 2318 videretur
614 2270 899 2319 Antonium.
972 2270 1106 2330 Quid
1142 2272 1365 2335 quaeris?
1402 2272 1519 2320 nihil
1556 2273 1743 2322 sinceri.

168 2368 212 2413 3.
250 2350 374 2398 Mihi
398 2359 558 2399 autem
582 2367 685 2401 non
708 2360 781 2401 est
805 2353 1006 2401 dubium
1030 2354 1146 2416 quin
1170 2369 1247 2402 res
1274 2362 1456 2417 spectet
1480 2354 1543 2402 ad
1562 2362 1718 2403 castra
1732 2369 1744 2413 ;

165 2439 272 2481 acta
307 2433 436 2480 enim
471 2433 550 2481 illa
584 2448 661 2482 res
697 2442 770 2482 est
805 2435 969 2483 animo
999 2435 1131 2494 virili,
1158 2436 1361 2485 consilio
1397 2436 1596 2499 puerili:
1636 2437 1746 2499 quis

166 2515 296 2563 enirn
320 2514 415 2563 hoc
447 2530 551 2563 non
575 2515 703 2574 vidit,
729 2518 867 2579 regni
891 2516 1121 2565 heredem
1146 2518 1397 2566 relictum?
1436 2517 1553 2580 quid
1583 2527 1743 2566 autem

166 2597 417 2645 absurdius
432 2598 450 2644 ?

465 2685 539 2725 hoc
569 2693 748 2733 metuere,
778 2687 937 2727 alterum
967 2688 1005 2726 in
1035 2695 1139 2726 metu
1169 2700 1247 2726 non
1275 2688 1446 2738 ponere?

169 2760 304 2820 Quin
341 2761 486 2808 etiam
520 2761 616 2810 hoc
651 2763 759 2826 ipso
798 2771 1017 2827 tempore
1053 2765 1203 2813 multa
1239 2767 1514 2814 ὑποσόλοικα.
1588 2766 1746 2815 Pontii

170 2842 549 2906 Neapolitanum
586 2859 614 2892 a
649 2853 800 2894 matre
837 2848 1178 2910 tyrannoctoni
1204 2848 1475 2912 possideri?
1512 2848 1745 2911 legendus
