<?xml version="1.0" encoding="UTF-8"?>
<!DOCTYPE html PUBLIC "-//W3C//DTD XHTML 1.0 Transitional//EN"
    "http://www.w3.org/TR/xhtml1/DTD/xhtml1-transitional.dtd">
<html xmlns="http://www.w3.org/1999/xhtml" xml:lang="en" lang="en">
 <head>
  <title>
</title>
<meta http-equiv="Content-Type" content="text/html;charset=utf-8" />
  <meta name='ocr-system' content='tesseract 3.04.00' />
  <meta name='ocr-capabilities' content='ocr_page ocr_carea ocr_par ocr_line ocrx_word'/>
</head>
<body>
  <div class='ocr_page' id='page_1' title='image "./epistolaeselecta00ciceuoft/epistolaeselecta00ciceuoft_0053.png"; bbox 0 0 2040 3048; ppageno 0'>
   <div class='ocr_carea' id='block_1_1' title="bbox 88 95 1661 171">
    <p class='ocr_par' dir='ltr' id='par_1_1' title="bbox 88 95 1661 171">
     <span class='ocr_line' id='line_1_1' title="bbox 88 95 1661 171; baseline 0.001 -18"><span class='ocrx_word' id='word_1_1' title='bbox 88 95 273 171; x_wconf 78' lang='lat' dir='ltr'><strong>Ep.15.]</strong></span> <span class='ocrx_word' id='word_1_2' title='bbox 416 110 600 153; x_wconf 78' lang='lat' dir='ltr'><em>EPIST.</em></span> <span class='ocrx_word' id='word_1_3' title='bbox 637 110 718 151; x_wconf 83' lang='lat' dir='ltr'><strong>AD</strong></span> <span class='ocrx_word' id='word_1_4' title='bbox 758 110 960 164; x_wconf 76' lang='lat' dir='ltr'><strong>thvr.</strong></span> <span class='ocrx_word' id='word_1_5' title='bbox 1002 110 1180 151; x_wconf 78' lang='lat' dir='ltr'><strong>FRAT.</strong></span> <span class='ocrx_word' id='word_1_6' title='bbox 1217 114 1255 151; x_wconf 84' lang='grc' dir='ltr'><strong>ι.</strong></span> <span class='ocrx_word' id='word_1_7' title='bbox 1301 116 1346 155; x_wconf 80' lang='lat'><strong>2.</strong></span> <span class='ocrx_word' id='word_1_8' title='bbox 1594 113 1661 169; x_wconf 87' lang='lat'><strong>37</strong></span> 
     </span>
    </p>
   </div>
   <div class='ocr_carea' id='block_1_2' title="bbox 85 239 1663 1048">
    <p class='ocr_par' dir='ltr' id='par_1_2' title="bbox 85 239 1663 1048">
     <span class='ocr_line' id='line_1_2' title="bbox 86 239 1661 308; baseline -0.001 -17"><span class='ocrx_word' id='word_1_9' title='bbox 86 244 188 307; x_wconf 90' lang='lat' dir='ltr'><strong>ipse</strong></span> <span class='ocrx_word' id='word_1_10' title='bbox 225 243 484 308; x_wconf 79' lang='lat' dir='ltr'><strong>cognovit:</strong></span> <span class='ocrx_word' id='word_1_11' title='bbox 521 243 698 292; x_wconf 89' lang='lat' dir='ltr'><strong>etenim</strong></span> <span class='ocrx_word' id='word_1_12' title='bbox 735 243 984 292; x_wconf 89' lang='lat' dir='ltr'><strong>intervenit</strong></span> <span class='ocrx_word' id='word_1_13' title='bbox 1022 257 1123 292; x_wconf 90' lang='lat' dir='ltr'><strong>non</strong></span> <span class='ocrx_word' id='word_1_14' title='bbox 1160 239 1401 292; x_wconf 86' lang='lat' dir='ltr'><strong>nullorum</strong></span> <span class='ocrx_word' id='word_1_15' title='bbox 1439 242 1661 306; x_wconf 79' lang='lat' dir='ltr'><strong>quereliS,</strong></span> 
     </span>
     <span class='ocr_line' id='line_1_3' title="bbox 85 324 1660 389; baseline -0.001 -16"><span class='ocrx_word' id='word_1_16' title='bbox 85 338 208 389; x_wconf 88' lang='lat' dir='ltr'><strong>quae</strong></span> <span class='ocrx_word' id='word_1_17' title='bbox 240 324 371 389; x_wconf 89' lang='lat' dir='ltr'><strong>apud</strong></span> <span class='ocrx_word' id='word_1_18' title='bbox 403 339 480 373; x_wconf 90' lang='lat' dir='ltr'><strong>me</strong></span> <span class='ocrx_word' id='word_1_19' title='bbox 519 326 578 374; x_wconf 91' lang='lat' dir='ltr'><strong>de</strong></span> <span class='ocrx_word' id='word_1_20' title='bbox 612 326 690 374; x_wconf 95' lang='lat' dir='ltr'><strong>illo</strong></span> <span class='ocrx_word' id='word_1_21' title='bbox 724 326 831 388; x_wconf 93' lang='lat' dir='ltr'><strong>ipso</strong></span> <span class='ocrx_word' id='word_1_22' title='bbox 868 326 1185 385; x_wconf 85' lang='lat' dir='ltr'><strong>habebantur,</strong></span> <span class='ocrx_word' id='word_1_23' title='bbox 1211 334 1258 374; x_wconf 93' lang='lat' dir='ltr'><strong>et</strong></span> <span class='ocrx_word' id='word_1_24' title='bbox 1291 325 1467 373; x_wconf 90' lang='lat' dir='ltr'><strong>sentire</strong></span> <span class='ocrx_word' id='word_1_25' title='bbox 1506 325 1660 388; x_wconf 89' lang='lat' dir='ltr'><strong>potuit</strong></span> 
     </span>
     <span class='ocr_line' id='line_1_4' title="bbox 85 407 1660 471; baseline -0.003 -14"><span class='ocrx_word' id='word_1_26' title='bbox 85 422 334 457; x_wconf 84' lang='lat' dir='ltr'>sermones</span> <span class='ocrx_word' id='word_1_27' title='bbox 368 407 642 471; x_wconf 90' lang='lat' dir='ltr'><strong>iniquorum</strong></span> <span class='ocrx_word' id='word_1_28' title='bbox 679 408 728 455; x_wconf 90' lang='lat' dir='ltr'><strong>in</strong></span> <span class='ocrx_word' id='word_1_29' title='bbox 765 422 907 457; x_wconf 88' lang='lat' dir='ltr'><strong>suum</strong></span> <span class='ocrx_word' id='word_1_30' title='bbox 943 409 1248 471; x_wconf 89' lang='lat' dir='ltr'><strong>potissimum</strong></span> <span class='ocrx_word' id='word_1_31' title='bbox 1287 423 1467 456; x_wconf 89' lang='lat' dir='ltr'><strong>nomen</strong></span> <span class='ocrx_word' id='word_1_32' title='bbox 1502 422 1660 454; x_wconf 90' lang='lat' dir='ltr'><strong>erum-</strong></span> 
     </span>
     <span class='ocr_line' id='line_1_5' title="bbox 85 489 1654 553; baseline -0.001 -15"><span class='ocrx_word' id='word_1_33' title='bbox 85 506 211 553; x_wconf 86' lang='lat' dir='ltr'><strong>pere.</strong></span> <span class='ocrx_word' id='word_1_34' title='bbox 286 506 329 553; x_wconf 84' lang='lat'><strong>3.</strong></span> <span class='ocrx_word' id='word_1_35' title='bbox 369 489 519 549; x_wconf 86' lang='lat' dir='ltr'><strong>Quod</strong></span> <span class='ocrx_word' id='word_1_36' title='bbox 551 497 710 539; x_wconf 86' lang='lat' dir='ltr'><strong>autem</strong></span> <span class='ocrx_word' id='word_1_37' title='bbox 744 504 822 539; x_wconf 89' lang='lat' dir='ltr'><strong>me</strong></span> <span class='ocrx_word' id='word_1_38' title='bbox 855 491 1064 539; x_wconf 83' lang='lat' dir='ltr'>maxime</span> <span class='ocrx_word' id='word_1_39' title='bbox 1095 506 1288 539; x_wconf 91' lang='lat' dir='ltr'><strong>movere</strong></span> <span class='ocrx_word' id='word_1_40' title='bbox 1319 490 1518 549; x_wconf 86' lang='lat' dir='ltr'><strong>solebat,</strong></span> <span class='ocrx_word' id='word_1_41' title='bbox 1546 505 1654 538; x_wconf 91' lang='lat' dir='ltr'><strong>cum</strong></span> 
     </span>
     <span class='ocr_line' id='line_1_6' title="bbox 85 571 1660 637; baseline -0.001 -17"><span class='ocrx_word' id='word_1_42' title='bbox 85 572 340 621; x_wconf 87' lang='lat' dir='ltr'><strong>audiebam</strong></span> <span class='ocrx_word' id='word_1_43' title='bbox 373 573 505 620; x_wconf 91' lang='lat' dir='ltr'><strong>illum</strong></span> <span class='ocrx_word' id='word_1_44' title='bbox 535 573 642 635; x_wconf 91' lang='lat' dir='ltr'><strong>plus</strong></span> <span class='ocrx_word' id='word_1_45' title='bbox 675 573 804 637; x_wconf 85' lang='lat' dir='ltr'><strong>apud</strong></span> <span class='ocrx_word' id='word_1_46' title='bbox 836 581 882 622; x_wconf 90' lang='lat' dir='ltr'><strong>te</strong></span> <span class='ocrx_word' id='word_1_47' title='bbox 915 589 1075 636; x_wconf 91' lang='lat' dir='ltr'><strong>posse,</strong></span> <span class='ocrx_word' id='word_1_48' title='bbox 1102 589 1248 636; x_wconf 88' lang='lat' dir='ltr'><strong>quam</strong></span> <span class='ocrx_word' id='word_1_49' title='bbox 1282 571 1490 635; x_wconf 87' lang='lat' dir='ltr'><strong>gravitas</strong></span> <span class='ocrx_word' id='word_1_50' title='bbox 1524 572 1660 620; x_wconf 89' lang='lat' dir='ltr'><strong>istius</strong></span> 
     </span>
     <span class='ocr_line' id='line_1_7' title="bbox 85 655 1660 719; baseline -0.001 -16"><span class='ocrx_word' id='word_1_51' title='bbox 85 656 267 714; x_wconf 86' lang='lat' dir='ltr'><strong>aetatis,</strong></span> <span class='ocrx_word' id='word_1_52' title='bbox 294 655 480 718; x_wconf 90' lang='lat' dir='ltr'><strong>imperii</strong></span> <span class='ocrx_word' id='word_1_53' title='bbox 512 656 766 719; x_wconf 89' lang='lat' dir='ltr'><strong>prudentia</strong></span> <span class='ocrx_word' id='word_1_54' title='bbox 800 656 1280 719; x_wconf 89' lang='lat' dir='ltr'><strong>postularet—quam</strong></span> <span class='ocrx_word' id='word_1_55' title='bbox 1316 655 1493 703; x_wconf 90' lang='lat' dir='ltr'><strong>multos</strong></span> <span class='ocrx_word' id='word_1_56' title='bbox 1530 655 1660 702; x_wconf 91' lang='lat' dir='ltr'><strong>enim</strong></span> 
     </span>
     <span class='ocr_line' id='line_1_8' title="bbox 85 738 1660 801; baseline -0.002 -15"><span class='ocrx_word' id='word_1_57' title='bbox 85 753 276 786; x_wconf 90' lang='lat' dir='ltr'><strong>mecum</strong></span> <span class='ocrx_word' id='word_1_58' title='bbox 306 738 462 800; x_wconf 87' lang='lat' dir='ltr'><strong>egisse</strong></span> <span class='ocrx_word' id='word_1_59' title='bbox 496 747 651 801; x_wconf 80' lang='lat' dir='ltr'><strong>putaS‚</strong></span> <span class='ocrx_word' id='word_1_60' title='bbox 677 747 730 787; x_wconf 90' lang='lat' dir='ltr'><strong>ut</strong></span> <span class='ocrx_word' id='word_1_61' title='bbox 763 754 814 787; x_wconf 93' lang='lat' dir='ltr'><strong>se</strong></span> <span class='ocrx_word' id='word_1_62' title='bbox 851 739 1001 787; x_wconf 86' lang='lat' dir='ltr'><strong>Statio</strong></span> <span class='ocrx_word' id='word_1_63' title='bbox 1037 738 1472 787; x_wconf 84' lang='lat' dir='ltr'><strong>commendarem?</strong></span> <span class='ocrx_word' id='word_1_64' title='bbox 1511 752 1660 800; x_wconf 90' lang='lat' dir='ltr'><strong>quam</strong></span> 
     </span>
     <span class='ocr_line' id='line_1_9' title="bbox 85 820 1658 884; baseline -0.001 -15"><span class='ocrx_word' id='word_1_65' title='bbox 85 821 234 869; x_wconf 87' lang='lat' dir='ltr'><strong>multa</strong></span> <span class='ocrx_word' id='word_1_66' title='bbox 258 829 419 868; x_wconf 89' lang='lat' dir='ltr'><strong>autem</strong></span> <span class='ocrx_word' id='word_1_67' title='bbox 445 821 604 884; x_wconf 89' lang='lat' dir='ltr'><strong>ipsum</strong></span> <span class='ocrx_word' id='word_1_68' title='bbox 635 822 847 882; x_wconf 80' lang='grc' dir='ltr'>ἀσφαλῶς</span> <span class='ocrx_word' id='word_1_69' title='bbox 879 836 1072 869; x_wconf 91' lang='lat' dir='ltr'><strong>meeum</strong></span> <span class='ocrx_word' id='word_1_70' title='bbox 1106 821 1156 868; x_wconf 89' lang='lat' dir='ltr'><strong>in</strong></span> <span class='ocrx_word' id='word_1_71' title='bbox 1189 835 1416 868; x_wconf 88' lang='lat' dir='ltr'><strong>sermone</strong></span> <span class='ocrx_word' id='word_1_72' title='bbox 1451 820 1515 868; x_wconf 87' lang='lat' dir='ltr'><strong>ita</strong></span> <span class='ocrx_word' id='word_1_73' title='bbox 1547 834 1658 883; x_wconf 91' lang='lat' dir='ltr'><strong>pro-</strong></span> 
     </span>
     <span class='ocr_line' id='line_1_10' title="bbox 85 900 1662 966; baseline -0.001 -15"><span class='ocrx_word' id='word_1_74' title='bbox 85 903 247 951; x_wconf 86' lang='lat' dir='ltr'><strong>tulisse</strong></span> <span class='ocrx_word' id='word_1_75' title='bbox 290 903 368 951; x_wconf 88' lang='lat' dir='ltr'><strong>‘id</strong></span> <span class='ocrx_word' id='word_1_76' title='bbox 414 903 531 951; x_wconf 91' lang='lat' dir='ltr'><strong>mihi</strong></span> <span class='ocrx_word' id='word_1_77' title='bbox 579 919 680 951; x_wconf 92' lang='lat' dir='ltr'><strong>non</strong></span> <span class='ocrx_word' id='word_1_78' title='bbox 728 904 906 966; x_wconf 91' lang='lat' dir='ltr'><strong>placuit</strong></span> <span class='ocrx_word' id='word_1_79' title='bbox 920 919 933 964; x_wconf 88' lang='lat'>;</span> <span class='ocrx_word' id='word_1_80' title='bbox 983 903 1167 962; x_wconf 89' lang='lat' dir='ltr'><strong>monui,</strong></span> <span class='ocrx_word' id='word_1_81' title='bbox 1208 903 1351 961; x_wconf 91' lang='lat' dir='ltr'><strong>suasi,</strong></span> <span class='ocrx_word' id='word_1_82' title='bbox 1395 900 1662 951; x_wconf 88' lang='lat' dir='ltr'><strong>deterrui?&#39;</strong></span> 
     </span>
     <span class='ocr_line' id='line_1_11' title="bbox 85 985 1663 1048; baseline -0.001 -15"><span class='ocrx_word' id='word_1_83' title='bbox 85 986 259 1048; x_wconf 91' lang='lat' dir='ltr'><strong>quibus</strong></span> <span class='ocrx_word' id='word_1_84' title='bbox 285 985 333 1033; x_wconf 92' lang='lat' dir='ltr'><strong>in</strong></span> <span class='ocrx_word' id='word_1_85' title='bbox 357 986 500 1033; x_wconf 90' lang='lat' dir='ltr'><strong>rebus</strong></span> <span class='ocrx_word' id='word_1_86' title='bbox 525 986 714 1034; x_wconf 88' lang='lat' dir='ltr'><strong>etiamsi</strong></span> <span class='ocrx_word' id='word_1_87' title='bbox 738 986 940 1035; x_wconf 88' lang='lat' dir='ltr'><strong>fidelitas</strong></span> <span class='ocrx_word' id='word_1_88' title='bbox 966 1001 1156 1034; x_wconf 93' lang='lat' dir='ltr'><strong>summa</strong></span> <span class='ocrx_word' id='word_1_89' title='bbox 1184 993 1272 1044; x_wconf 93' lang='lat' dir='ltr'><strong>est,</strong></span> <span class='ocrx_word' id='word_1_90' title='bbox 1297 986 1432 1048; x_wconf 89' lang='lat' dir='ltr'><strong>quod</strong></span> <span class='ocrx_word' id='word_1_91' title='bbox 1462 999 1663 1048; x_wconf 89' lang='lat' dir='ltr'><strong>prorsus</strong></span> 
     </span>
    </p>
   </div>
   <div class='ocr_carea' id='block_1_3' title="bbox 5 1067 1660 1131">
    <p class='ocr_par' dir='ltr' id='par_1_3' title="bbox 5 1067 1660 1131">
     <span class='ocr_line' id='line_1_12' title="bbox 5 1067 1660 1131; baseline -0.001 -15"><span class='ocrx_word' id='word_1_92' title='bbox 5 1075 9 1079; x_wconf 82' lang='grc'><strong>“</strong></span> <span class='ocrx_word' id='word_1_93' title='bbox 86 1068 247 1127; x_wconf 88' lang='lat' dir='ltr'><strong>credo,</strong></span> <span class='ocrx_word' id='word_1_94' title='bbox 284 1068 515 1131; x_wconf 86' lang='lat' dir='ltr'><strong>quoniam</strong></span> <span class='ocrx_word' id='word_1_95' title='bbox 558 1076 608 1116; x_wconf 94' lang='lat' dir='ltr'><strong>tu</strong></span> <span class='ocrx_word' id='word_1_96' title='bbox 649 1068 716 1116; x_wconf 88' lang='lat' dir='ltr'><strong>ita</strong></span> <span class='ocrx_word' id='word_1_97' title='bbox 757 1068 954 1127; x_wconf 87' lang='lat' dir='ltr'><strong>iudicas,</strong></span> <span class='ocrx_word' id='word_1_98' title='bbox 993 1077 1157 1116; x_wconf 91' lang='lat' dir='ltr'><strong>tamen</strong></span> <span class='ocrx_word' id='word_1_99' title='bbox 1199 1067 1384 1130; x_wconf 90' lang='lat' dir='ltr'><strong>species</strong></span> <span class='ocrx_word' id='word_1_100' title='bbox 1421 1068 1526 1131; x_wconf 91' lang='lat' dir='ltr'><strong>ipsa</strong></span> <span class='ocrx_word' id='word_1_101' title='bbox 1562 1075 1660 1115; x_wconf 91' lang='lat' dir='ltr'><strong>tam</strong></span> 
     </span>
    </p>
   </div>
   <div class='ocr_carea' id='block_1_4' title="bbox 85 1149 1664 2858">
    <p class='ocr_par' dir='ltr' id='par_1_4' title="bbox 85 1149 1664 1692">
     <span class='ocr_line' id='line_1_13' title="bbox 85 1149 1660 1213; baseline -0.001 -16"><span class='ocrx_word' id='word_1_102' title='bbox 85 1150 282 1213; x_wconf 88' lang='lat' dir='ltr'><strong>gratiosi</strong></span> <span class='ocrx_word' id='word_1_103' title='bbox 307 1150 460 1198; x_wconf 91' lang='lat' dir='ltr'><strong>liberti</strong></span> <span class='ocrx_word' id='word_1_104' title='bbox 487 1159 567 1198; x_wconf 88' lang='lat' dir='ltr'><strong>aut</strong></span> <span class='ocrx_word' id='word_1_105' title='bbox 597 1151 717 1198; x_wconf 90' lang='lat' dir='ltr'><strong>servi</strong></span> <span class='ocrx_word' id='word_1_106' title='bbox 750 1151 1033 1213; x_wconf 88' lang='lat' dir='ltr'><strong>dignitatem</strong></span> <span class='ocrx_word' id='word_1_107' title='bbox 1063 1150 1240 1198; x_wconf 89' lang='lat' dir='ltr'><strong>habere</strong></span> <span class='ocrx_word' id='word_1_108' title='bbox 1271 1149 1452 1198; x_wconf 89' lang='lat' dir='ltr'><strong>nullam</strong></span> <span class='ocrx_word' id='word_1_109' title='bbox 1486 1158 1660 1212; x_wconf 90' lang='lat' dir='ltr'><strong>potest.</strong></span> 
     </span>
     <span class='ocr_line' id='line_1_14' title="bbox 86 1230 1662 1294; baseline 0.001 -15"><span class='ocrx_word' id='word_1_110' title='bbox 86 1233 247 1294; x_wconf 91' lang='lat' dir='ltr'><strong>Atque</strong></span> <span class='ocrx_word' id='word_1_111' title='bbox 273 1230 367 1281; x_wconf 92' lang='lat' dir='ltr'><strong>hoc</strong></span> <span class='ocrx_word' id='word_1_112' title='bbox 392 1233 461 1281; x_wconf 92' lang='lat' dir='ltr'><strong>sic</strong></span> <span class='ocrx_word' id='word_1_113' title='bbox 486 1231 848 1280; x_wconf 89' lang='lat' dir='ltr'><strong>habeto—nihil</strong></span> <span class='ocrx_word' id='word_1_114' title='bbox 873 1233 1004 1280; x_wconf 89' lang='lat' dir='ltr'><strong>enim</strong></span> <span class='ocrx_word' id='word_1_115' title='bbox 1034 1247 1125 1281; x_wconf 93' lang='lat' dir='ltr'><strong>nec</strong></span> <span class='ocrx_word' id='word_1_116' title='bbox 1159 1241 1342 1281; x_wconf 90' lang='lat' dir='ltr'><strong>temere</strong></span> <span class='ocrx_word' id='word_1_117' title='bbox 1377 1232 1538 1280; x_wconf 88' lang='lat' dir='ltr'><strong>dicere</strong></span> <span class='ocrx_word' id='word_1_118' title='bbox 1570 1247 1662 1280; x_wconf 89' lang='lat' dir='ltr'><strong>nec</strong></span> 
     </span>
     <span class='ocr_line' id='line_1_15' title="bbox 86 1315 1661 1374; baseline -0.001 -12"><span class='ocrx_word' id='word_1_119' title='bbox 86 1323 240 1363; x_wconf 89' lang='lat' dir='ltr'><strong>astute</strong></span> <span class='ocrx_word' id='word_1_120' title='bbox 295 1315 490 1363; x_wconf 91' lang='lat' dir='ltr'><strong>reticere</strong></span> <span class='ocrx_word' id='word_1_121' title='bbox 548 1315 786 1374; x_wconf 91' lang='lat' dir='ltr'><strong>debeo—‚</strong></span> <span class='ocrx_word' id='word_1_122' title='bbox 834 1315 1084 1363; x_wconf 89' lang='lat' dir='ltr'><strong>materiam</strong></span> <span class='ocrx_word' id='word_1_123' title='bbox 1131 1329 1331 1363; x_wconf 90' lang='lat' dir='ltr'><strong>omnem</strong></span> <span class='ocrx_word' id='word_1_124' title='bbox 1380 1330 1661 1362; x_wconf 90' lang='lat' dir='ltr'><strong>sermonum</strong></span> 
     </span>
     <span class='ocr_line' id='line_1_16' title="bbox 86 1396 1664 1458; baseline -0.001 -14"><span class='ocrx_word' id='word_1_125' title='bbox 86 1410 267 1455; x_wconf 92' lang='lat' dir='ltr'><strong>eorum,</strong></span> <span class='ocrx_word' id='word_1_126' title='bbox 287 1397 370 1458; x_wconf 91' lang='lat' dir='ltr'><strong>qui</strong></span> <span class='ocrx_word' id='word_1_127' title='bbox 395 1396 455 1444; x_wconf 94' lang='lat' dir='ltr'><strong>de</strong></span> <span class='ocrx_word' id='word_1_128' title='bbox 481 1404 526 1444; x_wconf 92' lang='lat' dir='ltr'><strong>te</strong></span> <span class='ocrx_word' id='word_1_129' title='bbox 552 1396 799 1445; x_wconf 90' lang='lat' dir='ltr'><strong>detrahere</strong></span> <span class='ocrx_word' id='word_1_130' title='bbox 824 1396 1011 1455; x_wconf 88' lang='lat' dir='ltr'><strong>vellent,</strong></span> <span class='ocrx_word' id='word_1_131' title='bbox 1036 1396 1240 1445; x_wconf 88' lang='lat' dir='ltr'><strong>Statium</strong></span> <span class='ocrx_word' id='word_1_132' title='bbox 1267 1397 1485 1455; x_wconf 84' lang='lat' dir='ltr'><strong>dedisse3</strong></span> <span class='ocrx_word' id='word_1_133' title='bbox 1522 1404 1664 1444; x_wconf 89' lang='lat' dir='ltr'><strong>antea</strong></span> 
     </span>
     <span class='ocr_line' id='line_1_17' title="bbox 85 1478 1662 1541; baseline -0.001 -14"><span class='ocrx_word' id='word_1_134' title='bbox 85 1486 272 1527; x_wconf 89' lang='lat' dir='ltr'><strong>tantum</strong></span> <span class='ocrx_word' id='word_1_135' title='bbox 306 1478 516 1540; x_wconf 87' lang='lat' dir='ltr'><strong>intellegi</strong></span> <span class='ocrx_word' id='word_1_136' title='bbox 552 1479 781 1541; x_wconf 91' lang='lat' dir='ltr'><strong>potuisse,</strong></span> <span class='ocrx_word' id='word_1_137' title='bbox 814 1479 959 1527; x_wconf 87' lang='lat' dir='ltr'><strong>iratos</strong></span> <span class='ocrx_word' id='word_1_138' title='bbox 995 1486 1106 1527; x_wconf 89' lang='lat' dir='ltr'><strong>tuae</strong></span> <span class='ocrx_word' id='word_1_139' title='bbox 1143 1478 1378 1527; x_wconf 88' lang='lat' dir='ltr'><strong>severitati</strong></span> <span class='ocrx_word' id='word_1_140' title='bbox 1415 1494 1523 1527; x_wconf 90' lang='lat' dir='ltr'><strong>esse</strong></span> <span class='ocrx_word' id='word_1_141' title='bbox 1560 1495 1662 1528; x_wconf 89' lang='lat' dir='ltr'><strong>non</strong></span> 
     </span>
     <span class='ocr_line' id='line_1_18' title="bbox 85 1559 1660 1625; baseline 0.001 -17"><span class='ocrx_word' id='word_1_142' title='bbox 85 1559 255 1620; x_wconf 83' lang='lat' dir='ltr'><strong>nuHOS,</strong></span> <span class='ocrx_word' id='word_1_143' title='bbox 310 1560 406 1609; x_wconf 90' lang='lat' dir='ltr'><strong>hoc</strong></span> <span class='ocrx_word' id='word_1_144' title='bbox 462 1561 762 1610; x_wconf 90' lang='lat' dir='ltr'><strong>manumisso</strong></span> <span class='ocrx_word' id='word_1_145' title='bbox 817 1561 947 1609; x_wconf 89' lang='lat' dir='ltr'><strong>iratis</strong></span> <span class='ocrx_word' id='word_1_146' title='bbox 1002 1560 1136 1624; x_wconf 91' lang='lat' dir='ltr'><strong>quod</strong></span> <span class='ocrx_word' id='word_1_147' title='bbox 1193 1561 1504 1625; x_wconf 88' lang='lat' dir='ltr'><strong>loquerentur</strong></span> <span class='ocrx_word' id='word_1_148' title='bbox 1558 1576 1660 1610; x_wconf 91' lang='lat' dir='ltr'><strong>non</strong></span> 
     </span>
     <span class='ocr_line' id='line_1_19' title="bbox 85 1642 308 1692; baseline 0 -1"><span class='ocrx_word' id='word_1_149' title='bbox 85 1642 308 1692; x_wconf 87' lang='lat' dir='ltr'><strong>defuisse.</strong></span> 
     </span>
    </p>

    <p class='ocr_par' dir='ltr' id='par_1_5' title="bbox 85 1722 1663 2858">
     <span class='ocr_line' id='line_1_20' title="bbox 153 1722 1661 1789; baseline 0 -17"><span class='ocrx_word' id='word_1_150' title='bbox 153 1725 218 1773; x_wconf 91' lang='lat' dir='ltr'><strong>II.</strong></span> <span class='ocrx_word' id='word_1_151' title='bbox 267 1742 311 1783; x_wconf 93' lang='lat'><strong>4.</strong></span> <span class='ocrx_word' id='word_1_152' title='bbox 355 1724 500 1773; x_wconf 91' lang='lat' dir='ltr'><strong>Nunc</strong></span> <span class='ocrx_word' id='word_1_153' title='bbox 539 1723 846 1788; x_wconf 89' lang='lat' dir='ltr'><strong>respondebo</strong></span> <span class='ocrx_word' id='word_1_154' title='bbox 889 1725 951 1774; x_wconf 89' lang='lat' dir='ltr'><strong>ad</strong></span> <span class='ocrx_word' id='word_1_155' title='bbox 989 1741 1071 1774; x_wconf 88' lang='lat' dir='ltr'><strong>eas</strong></span> <span class='ocrx_word' id='word_1_156' title='bbox 1111 1725 1354 1789; x_wconf 64' lang='lat' dir='ltr'><strong>epistolas,</strong></span> <span class='ocrx_word' id='word_1_157' title='bbox 1382 1740 1502 1788; x_wconf 90' lang='lat' dir='ltr'><strong>quas</strong></span> <span class='ocrx_word' id='word_1_158' title='bbox 1545 1722 1661 1773; x_wconf 90' lang='lat' dir='ltr'><strong>mihi</strong></span> 
     </span>
     <span class='ocr_line' id='line_1_21' title="bbox 85 1808 1661 1871; baseline 0 -16"><span class='ocrx_word' id='word_1_159' title='bbox 85 1808 290 1857; x_wconf 89' lang='lat' dir='ltr'><strong>reddidit</strong></span> <span class='ocrx_word' id='word_1_160' title='bbox 326 1808 379 1856; x_wconf 91' lang='lat' dir='ltr'><strong>L.</strong></span> <span class='ocrx_word' id='word_1_161' title='bbox 420 1808 635 1867; x_wconf 90' lang='lat' dir='ltr'><strong>Caesius,</strong></span> <span class='ocrx_word' id='word_1_162' title='bbox 674 1809 766 1867; x_wconf 89' lang='lat' dir='ltr'><strong>cui,</strong></span> <span class='ocrx_word' id='word_1_163' title='bbox 805 1809 1038 1871; x_wconf 89' lang='lat' dir='ltr'><strong>quoniam</strong></span> <span class='ocrx_word' id='word_1_164' title='bbox 1063 1809 1128 1856; x_wconf 91' lang='lat' dir='ltr'><strong>ita</strong></span> <span class='ocrx_word' id='word_1_165' title='bbox 1170 1817 1215 1856; x_wconf 91' lang='lat' dir='ltr'><strong>te</strong></span> <span class='ocrx_word' id='word_1_166' title='bbox 1256 1809 1375 1856; x_wconf 91' lang='lat' dir='ltr'><strong>velle</strong></span> <span class='ocrx_word' id='word_1_167' title='bbox 1418 1809 1661 1871; x_wconf 87' lang='lat' dir='ltr'><strong>intellego,</strong></span> 
     </span>
     <span class='ocr_line' id='line_1_22' title="bbox 85 1890 1662 1954; baseline 0 -16"><span class='ocrx_word' id='word_1_168' title='bbox 85 1890 214 1939; x_wconf 94' lang='lat' dir='ltr'><strong>nullo</strong></span> <span class='ocrx_word' id='word_1_169' title='bbox 233 1890 343 1939; x_wconf 92' lang='lat' dir='ltr'><strong>loco</strong></span> <span class='ocrx_word' id='word_1_170' title='bbox 364 1891 539 1951; x_wconf 80' lang='lat' dir='ltr'><strong>deer03</strong></span> <span class='ocrx_word' id='word_1_171' title='bbox 566 1906 770 1954; x_wconf 91' lang='lat' dir='ltr'><strong>quarum</strong></span> <span class='ocrx_word' id='word_1_172' title='bbox 795 1891 943 1939; x_wconf 89' lang='lat' dir='ltr'><strong>altera</strong></span> <span class='ocrx_word' id='word_1_173' title='bbox 968 1898 1039 1939; x_wconf 91' lang='lat' dir='ltr'><strong>est</strong></span> <span class='ocrx_word' id='word_1_174' title='bbox 1065 1891 1125 1938; x_wconf 91' lang='lat' dir='ltr'><strong>de</strong></span> <span class='ocrx_word' id='word_1_175' title='bbox 1150 1890 1403 1939; x_wconf 89' lang='lat' dir='ltr'><strong>Blaudeno</strong></span> <span class='ocrx_word' id='word_1_176' title='bbox 1431 1890 1662 1950; x_wconf 83' lang='lat' dir='ltr'><strong>Zeuxide,</strong></span> 
     </span>
     <span class='ocr_line' id='line_1_23' title="bbox 85 1971 1662 2034; baseline 0.001 -15"><span class='ocrx_word' id='word_1_177' title='bbox 85 1987 229 2034; x_wconf 90' lang='lat' dir='ltr'><strong>quem</strong></span> <span class='ocrx_word' id='word_1_178' title='bbox 267 1973 436 2021; x_wconf 88' lang='lat' dir='ltr'><strong>scribis</strong></span> <span class='ocrx_word' id='word_1_179' title='bbox 475 1971 794 2021; x_wconf 90' lang='lat' dir='ltr'><strong>certissimum</strong></span> <span class='ocrx_word' id='word_1_180' title='bbox 832 1973 1133 2022; x_wconf 88' lang='lat' dir='ltr'><strong>matricidam</strong></span> <span class='ocrx_word' id='word_1_181' title='bbox 1172 1973 1258 2020; x_wconf 92' lang='lat' dir='ltr'><strong>tibi</strong></span> <span class='ocrx_word' id='word_1_182' title='bbox 1299 1989 1328 2020; x_wconf 91' lang='lat' dir='ltr'><strong>a</strong></span> <span class='ocrx_word' id='word_1_183' title='bbox 1368 1988 1448 2020; x_wconf 92' lang='lat' dir='ltr'><strong>me</strong></span> <span class='ocrx_word' id='word_1_184' title='bbox 1495 1973 1662 2020; x_wconf 90' lang='lat' dir='ltr'><strong>intime</strong></span> 
     </span>
     <span class='ocr_line' id='line_1_24' title="bbox 85 2054 1661 2117; baseline -0.001 -15"><span class='ocrx_word' id='word_1_185' title='bbox 85 2055 428 2103; x_wconf 89' lang='lat' dir='ltr'><strong>commendari.</strong></span> <span class='ocrx_word' id='word_1_186' title='bbox 502 2054 616 2114; x_wconf 86' lang='lat' dir='ltr'><strong>Qua</strong></span> <span class='ocrx_word' id='word_1_187' title='bbox 641 2056 702 2103; x_wconf 93' lang='lat' dir='ltr'><strong>de</strong></span> <span class='ocrx_word' id='word_1_188' title='bbox 727 2071 778 2103; x_wconf 95' lang='lat' dir='ltr'><strong>re</strong></span> <span class='ocrx_word' id='word_1_189' title='bbox 803 2063 851 2103; x_wconf 91' lang='lat' dir='ltr'><strong>et</strong></span> <span class='ocrx_word' id='word_1_190' title='bbox 876 2055 935 2102; x_wconf 93' lang='lat' dir='ltr'><strong>de</strong></span> <span class='ocrx_word' id='word_1_191' title='bbox 961 2054 1054 2102; x_wconf 95' lang='lat' dir='ltr'><strong>hoc</strong></span> <span class='ocrx_word' id='word_1_192' title='bbox 1087 2070 1266 2117; x_wconf 89' lang='lat' dir='ltr'><strong>genere</strong></span> <span class='ocrx_word' id='word_1_193' title='bbox 1300 2063 1416 2114; x_wconf 88' lang='lat' dir='ltr'><strong>tot0,</strong></span> <span class='ocrx_word' id='word_1_194' title='bbox 1443 2070 1505 2102; x_wconf 91' lang='lat' dir='ltr'><strong>ne</strong></span> <span class='ocrx_word' id='word_1_195' title='bbox 1539 2054 1661 2102; x_wconf 90' lang='lat' dir='ltr'><strong>forte</strong></span> 
     </span>
     <span class='ocr_line' id='line_1_25' title="bbox 85 2135 1663 2200; baseline 0.001 -17"><span class='ocrx_word' id='word_1_196' title='bbox 85 2150 162 2184; x_wconf 91' lang='lat' dir='ltr'><strong>me</strong></span> <span class='ocrx_word' id='word_1_197' title='bbox 187 2136 236 2183; x_wconf 92' lang='lat' dir='ltr'><strong>in</strong></span> <span class='ocrx_word' id='word_1_198' title='bbox 261 2135 477 2185; x_wconf 90' lang='lat' dir='ltr'><strong>Graecos</strong></span> <span class='ocrx_word' id='word_1_199' title='bbox 503 2145 602 2185; x_wconf 89' lang='lat' dir='ltr'><strong>tam</strong></span> <span class='ocrx_word' id='word_1_200' title='bbox 626 2138 936 2186; x_wconf 88' lang='lat' dir='ltr'><strong>ambitiosum</strong></span> <span class='ocrx_word' id='word_1_201' title='bbox 962 2136 1142 2184; x_wconf 85' lang='lat' dir='ltr'><strong>factum</strong></span> <span class='ocrx_word' id='word_1_202' title='bbox 1168 2153 1273 2185; x_wconf 90' lang='lat' dir='ltr'><strong>esse</strong></span> <span class='ocrx_word' id='word_1_203' title='bbox 1299 2138 1486 2196; x_wconf 90' lang='lat' dir='ltr'><strong>mirere,</strong></span> <span class='ocrx_word' id='word_1_204' title='bbox 1506 2152 1663 2200; x_wconf 88' lang='lat' dir='ltr'><strong>pauca</strong></span> 
     </span>
     <span class='ocr_line' id='line_1_26' title="bbox 85 2207 1661 2282; baseline 0.003 -18"><span class='ocrx_word' id='word_1_205' title='bbox 85 2207 345 2279; x_wconf 71' lang='lat' dir='ltr'><strong>cognosce‘.</strong></span> <span class='ocrx_word' id='word_1_206' title='bbox 415 2218 527 2281; x_wconf 89' lang='lat' dir='ltr'><strong>Ego</strong></span> <span class='ocrx_word' id='word_1_207' title='bbox 553 2234 665 2266; x_wconf 92' lang='lat' dir='ltr'><strong>cum</strong></span> <span class='ocrx_word' id='word_1_208' title='bbox 692 2219 993 2267; x_wconf 91' lang='lat' dir='ltr'><strong>Graecorum</strong></span> <span class='ocrx_word' id='word_1_209' title='bbox 1018 2219 1238 2282; x_wconf 87' lang='lat' dir='ltr'><strong>querelas</strong></span> <span class='ocrx_word' id='word_1_210' title='bbox 1264 2220 1467 2267; x_wconf 89' lang='lat' dir='ltr'><strong>nimium</strong></span> <span class='ocrx_word' id='word_1_211' title='bbox 1503 2219 1661 2268; x_wconf 90' lang='lat' dir='ltr'><strong>valere</strong></span> 
     </span>
     <span class='ocr_line' id='line_1_27' title="bbox 86 2299 1659 2364; baseline 0.001 -18"><span class='ocrx_word' id='word_1_212' title='bbox 86 2299 309 2347; x_wconf 91' lang='lat' dir='ltr'><strong>sentirem</strong></span> <span class='ocrx_word' id='word_1_213' title='bbox 342 2308 538 2363; x_wconf 93' lang='lat' dir='ltr'><strong>propter</strong></span> <span class='ocrx_word' id='word_1_214' title='bbox 571 2300 826 2348; x_wconf 90' lang='lat' dir='ltr'><strong>hominum</strong></span> <span class='ocrx_word' id='word_1_215' title='bbox 859 2301 1054 2363; x_wconf 90' lang='lat' dir='ltr'><strong>ingenia</strong></span> <span class='ocrx_word' id='word_1_216' title='bbox 1082 2301 1144 2349; x_wconf 93' lang='lat' dir='ltr'><strong>ad</strong></span> <span class='ocrx_word' id='word_1_217' title='bbox 1180 2300 1444 2350; x_wconf 90' lang='lat' dir='ltr'><strong>fallendum</strong></span> <span class='ocrx_word' id='word_1_218' title='bbox 1479 2308 1659 2364; x_wconf 90' lang='lat' dir='ltr'><strong>parata,</strong></span> 
     </span>
     <span class='ocr_line' id='line_1_28' title="bbox 85 2383 1660 2447; baseline 0.002 -19"><span class='ocrx_word' id='word_1_219' title='bbox 85 2396 418 2445; x_wconf 89' lang='lat' dir='ltr'><strong>quoscumque</strong></span> <span class='ocrx_word' id='word_1_220' title='bbox 449 2383 509 2430; x_wconf 93' lang='lat' dir='ltr'><strong>de</strong></span> <span class='ocrx_word' id='word_1_221' title='bbox 542 2390 588 2431; x_wconf 90' lang='lat' dir='ltr'><strong>te</strong></span> <span class='ocrx_word' id='word_1_222' title='bbox 613 2384 748 2445; x_wconf 89' lang='lat' dir='ltr'><strong>queri</strong></span> <span class='ocrx_word' id='word_1_223' title='bbox 782 2383 941 2431; x_wconf 91' lang='lat' dir='ltr'><strong>audivi</strong></span> <span class='ocrx_word' id='word_1_224' title='bbox 967 2399 1273 2447; x_wconf 90' lang='lat' dir='ltr'><strong>quacumque</strong></span> <span class='ocrx_word' id='word_1_225' title='bbox 1307 2384 1443 2446; x_wconf 93' lang='lat' dir='ltr'><strong>potui</strong></span> <span class='ocrx_word' id='word_1_226' title='bbox 1475 2384 1660 2431; x_wconf 89' lang='lat' dir='ltr'><strong>ratione</strong></span> 
     </span>
     <span class='ocr_line' id='line_1_29' title="bbox 85 2462 1660 2528; baseline 0.003 -19"><span class='ocrx_word' id='word_1_227' title='bbox 85 2462 281 2524; x_wconf 88' lang='lat' dir='ltr'><strong>placavi.</strong></span> <span class='ocrx_word' id='word_1_228' title='bbox 307 2463 520 2512; x_wconf 90' lang='lat' dir='ltr'><strong>Primum</strong></span> <span class='ocrx_word' id='word_1_229' title='bbox 537 2464 936 2528; x_wconf 89' lang='lat' dir='ltr'><strong>Dionysopolitas</strong></span> <span class='ocrx_word' id='word_1_230' title='bbox 957 2466 1190 2528; x_wconf 90' lang='lat' dir='ltr'><strong>quierant</strong></span> <span class='ocrx_word' id='word_1_231' title='bbox 1209 2465 1525 2514; x_wconf 90' lang='lat' dir='ltr'><strong>inimicissimi</strong></span> <span class='ocrx_word' id='word_1_232' title='bbox 1544 2466 1660 2514; x_wconf 60' lang='lat' dir='ltr'><strong>leni⁴</strong></span> 
     </span>
     <span class='ocr_line' id='line_1_30' title="bbox 85 2544 1659 2612; baseline 0.004 -20"><span class='ocrx_word' id='word_1_233' title='bbox 85 2544 142 2599; x_wconf 88' lang='lat' dir='ltr'><strong>vi,</strong></span> <span class='ocrx_word' id='word_1_234' title='bbox 153 2560 357 2608; x_wconf 93' lang='lat' dir='ltr'><strong>quorum</strong></span> <span class='ocrx_word' id='word_1_235' title='bbox 373 2547 639 2610; x_wconf 90' lang='lat' dir='ltr'><strong>principem</strong></span> <span class='ocrx_word' id='word_1_236' title='bbox 659 2548 983 2612; x_wconf 89' lang='lat' dir='ltr'><strong>Hermippum</strong></span> <span class='ocrx_word' id='word_1_237' title='bbox 1001 2564 1101 2597; x_wconf 91' lang='lat' dir='ltr'><strong>non</strong></span> <span class='ocrx_word' id='word_1_238' title='bbox 1117 2549 1276 2598; x_wconf 91' lang='lat' dir='ltr'><strong>solum</strong></span> <span class='ocrx_word' id='word_1_239' title='bbox 1293 2552 1516 2598; x_wconf 80' lang='lat' dir='ltr'><strong>sermone</strong></span> <span class='ocrx_word' id='word_1_240' title='bbox 1534 2565 1659 2610; x_wconf 77' lang='lat' dir='ltr'><strong>meo,</strong></span> 
     </span>
     <span class='ocr_line' id='line_1_31' title="bbox 87 2626 1660 2696; baseline 0.005 -23"><span class='ocrx_word' id='word_1_241' title='bbox 87 2626 171 2674; x_wconf 91' lang='lat' dir='ltr'><strong>sed</strong></span> <span class='ocrx_word' id='word_1_242' title='bbox 196 2627 346 2675; x_wconf 91' lang='lat' dir='ltr'><strong>etiam.</strong></span> <span class='ocrx_word' id='word_1_243' title='bbox 364 2627 677 2678; x_wconf 89' lang='lat' dir='ltr'><strong>familiaritate</strong></span> <span class='ocrx_word' id='word_1_244' title='bbox 703 2630 894 2679; x_wconf 82' lang='lat' dir='ltr'><strong>devinxi</strong></span> <span class='ocrx_word' id='word_1_245' title='bbox 912 2646 925 2690; x_wconf 88' lang='lat'>;</span> <span class='ocrx_word' id='word_1_246' title='bbox 953 2646 1048 2693; x_wconf 92' lang='lat' dir='ltr'><strong>ego</strong></span> <span class='ocrx_word' id='word_1_247' title='bbox 1072 2631 1403 2694; x_wconf 89' lang='lat' dir='ltr'><strong>Apamensem</strong></span> <span class='ocrx_word' id='word_1_248' title='bbox 1430 2632 1660 2696; x_wconf 82' lang='lat' dir='ltr'><strong>Hephae-</strong></span> 
     </span>
     <span class='ocr_line' id='line_1_32' title="bbox 87 2708 1659 2775; baseline 0.005 -20"><span class='ocrx_word' id='word_1_249' title='bbox 87 2715 227 2765; x_wconf 90' lang='lat' dir='ltr'><strong>stum,</strong></span> <span class='ocrx_word' id='word_1_250' title='bbox 248 2722 341 2771; x_wconf 89' lang='lat' dir='ltr'><strong>ego</strong></span> <span class='ocrx_word' id='word_1_251' title='bbox 367 2708 661 2760; x_wconf 89' lang='lat' dir='ltr'><strong>levissimum</strong></span> <span class='ocrx_word' id='word_1_252' title='bbox 687 2711 950 2770; x_wconf 88' lang='lat' dir='ltr'><strong>hominem,</strong></span> <span class='ocrx_word' id='word_1_253' title='bbox 974 2712 1295 2775; x_wconf 88' lang='lat' dir='ltr'><strong>Megaristum</strong></span> <span class='ocrx_word' id='word_1_254' title='bbox 1320 2714 1659 2775; x_wconf 86' lang='lat' dir='ltr'><strong>Antandrium,</strong></span> 
     </span>
     <span class='ocr_line' id='line_1_33' title="bbox 86 2785 1660 2858; baseline 0.007 -23"><span class='ocrx_word' id='word_1_255' title='bbox 86 2801 180 2850; x_wconf 83' lang='lat' dir='ltr'><strong>ego</strong></span> <span class='ocrx_word' id='word_1_256' title='bbox 213 2785 402 2838; x_wconf 84' lang='lat' dir='ltr'><strong>Niciam</strong></span> <span class='ocrx_word' id='word_1_257' title='bbox 437 2791 768 2854; x_wconf 84' lang='lat' dir='ltr'><strong>Smyrnaeum,</strong></span> <span class='ocrx_word' id='word_1_258' title='bbox 795 2809 889 2856; x_wconf 89' lang='lat' dir='ltr'><strong>ego</strong></span> <span class='ocrx_word' id='word_1_259' title='bbox 923 2807 1079 2858; x_wconf 87' lang='lat' dir='ltr'><strong>nugas</strong></span> <span class='ocrx_word' id='word_1_260' title='bbox 1112 2796 1349 2844; x_wconf 82' lang='lat' dir='ltr'><strong>maximas</strong></span> <span class='ocrx_word' id='word_1_261' title='bbox 1383 2797 1518 2845; x_wconf 88' lang='lat' dir='ltr'><strong>omni</strong></span> <span class='ocrx_word' id='word_1_262' title='bbox 1550 2812 1660 2846; x_wconf 87' lang='lat' dir='ltr'><strong>mea</strong></span> 
     </span>
    </p>
   </div>
  </div>
 </body>
</html>
