2040 3048
334 121 433 174 180
797 130 859 170 M.
904 130 1101 169 TULLII
1138 130 1449 170 CICERONIS
1697 121 1814 189 [Pan
1841 132 1906 171 tv,

330 258 591 320 cogitatum
635 263 723 304 est.
798 256 912 315 Qua
952 270 1003 304 re
1044 254 1298 304 voluntatis
1342 271 1419 304 me
1462 270 1599 304 meae
1643 270 1907 320 numquam

330 340 616 402 paenitebit3
669 339 853 388 consilii
893 338 1116 401 paenitet.
1193 338 1252 386 In
1293 338 1477 401 oppido
1521 338 1682 401 aliquo
1718 339 1910 388 mallem

331 421 580 478 resedisse,
626 420 789 484 quoad
831 435 1122 470 arcesseret:
1176 420 1334 468 minus
1375 420 1612 469 sermonis
1655 420 1908 479 subissem,

333 503 494 551 minus
530 503 830 565 accepissem
869 501 1081 562 doloris3
1119 502 1278 565 ipsum
1315 502 1409 551 hoc
1446 518 1524 551 me
1561 518 1663 551 non
1700 511 1910 567 angeret.

332 584 571 632 Brundisii
596 584 749 632 iacere
780 584 829 632 in
864 599 1037 633 omnes
1062 592 1220 647 partes
1257 592 1329 634 est
1360 584 1634 633 molestum.
1708 584 1910 649 Propius

332 665 574 723 accedere,
595 673 647 713 ut
674 665 864 724 suades,
885 680 983 728 quo
1010 665 1159 714 modo
1187 666 1290 714 sine
1322 665 1583 724 lictoribuS,
1606 681 1730 730 quos
1756 681 1910 732 popu-

331 746 404 795 lus
431 746 576 806 dedit,
595 747 832 810 possum?
872 747 954 810 qui
979 746 1096 795 mihi
1122 747 1352 796 incolumi
1380 748 1527 796 adimi
1553 763 1654 796 non
1680 757 1911 812 possunt;

333 843 458 890 quos
490 843 584 890 ego
619 844 751 878 nunc
778 829 1020 891 paulisper
1056 844 1168 877 cum
1198 829 1381 878 bacillis
1417 830 1466 877 in
1500 831 1690 878 turbam
1726 820 1913 879 conieci

333 909 396 958 ad
437 909 675 972 oppidum
718 910 970 967 accedenS,
1014 925 1076 957 ne
1118 910 1226 973 quis
1267 910 1475 973 impetus
1523 912 1728 960 militum
1769 910 1913 959 fieret.

335 993 366 1048 †
391 990 596 1053 Recipio
623 999 842 1053 tempore
876 1005 956 1039 me
991 990 1154 1040 domo.
1230 1007 1273 1055 3.
1311 991 1387 1040 Te
1421 1007 1551 1040 nunc
1585 994 1646 1040 ad
1679 992 1915 1056 oppidum

335 1080 383 1121 et
407 1073 638 1137 quoniam
663 1072 737 1119 his
762 1073 973 1135 placeret
999 1073 1149 1120 modo
1177 1075 1376 1136 propius
1400 1075 1644 1132 accedere,
1665 1082 1716 1123 ut
1738 1073 1831 1123 hac
1854 1073 1916 1122 de

335 1170 386 1204 re
425 1155 814 1203 considerarent:
870 1153 1016 1203 credo
1058 1154 1161 1203 fore
1204 1164 1439 1204 auctores.
1514 1156 1592 1204 Sic
1630 1154 1759 1204 enim
1796 1154 1916 1204 reci-

336 1236 491 1299 piunt,
526 1235 725 1284 Caesari
758 1250 859 1283 non
894 1236 1045 1285 modo
1079 1237 1139 1285 de
1173 1237 1519 1295 conservanda,
1552 1238 1639 1286 sed
1674 1238 1819 1286 etiam
1854 1237 1915 1286 de

337 1317 560 1381 augenda
595 1333 705 1366 mea
741 1317 972 1380 dignitate
1011 1333 1152 1368 curae
1191 1318 1309 1378 fore,
1347 1335 1522 1383 meque
1565 1319 1828 1378 hortantur,
1863 1329 1915 1369 ut

337 1415 518 1463 magno
555 1400 719 1449 animo
758 1400 862 1458 sim,
900 1409 952 1449 ut
988 1402 1154 1450 omnia
1190 1418 1382 1451 summa
1417 1417 1635 1465 sperem:
1675 1417 1732 1451 ea
1767 1415 1914 1466 spon-

341 1483 468 1542 dent,
502 1482 805 1541 confirmant,
833 1497 957 1545 quae
994 1483 1191 1546 quidem
1227 1484 1344 1532 mihi
1380 1484 1704 1547 exploratiora
1738 1492 1914 1542 essent,

342 1565 381 1613 si
419 1564 776 1612 remansissem.
852 1564 948 1613 Sed
988 1565 1156 1628 ingero
1201 1566 1464 1628 praeterita.
1536 1566 1675 1625 Vide,
1713 1580 1912 1630 quaeSO,

340 1647 483 1708 igitur
514 1661 584 1704 ea,
612 1661 737 1708 quae
772 1654 966 1706 restant,
993 1655 1040 1695 et
1075 1648 1273 1710 explora
1305 1664 1417 1696 cum
1442 1649 1557 1707 istis,
1583 1656 1631 1696 et
1659 1648 1699 1697 si
1722 1649 1915 1712 putabis

339 1742 463 1791 opus
498 1742 605 1775 esse
638 1737 685 1774 et
721 1726 758 1775 si
782 1727 883 1776 istis
913 1727 1135 1790 placebit,
1161 1743 1259 1792 quo
1294 1729 1449 1791 magis
1483 1729 1664 1778 factum
1697 1736 1916 1779 nostrum

340 1807 520 1858 Caesar
558 1810 731 1872 probet
767 1809 906 1872 quasi
943 1809 1003 1858 de
1043 1825 1242 1859 suorum
1280 1812 1517 1860 sententia
1552 1811 1745 1871 factum,
1782 1811 1917 1860 adhi-

340 1892 542 1942 beantur
583 1888 877 1949 TreboniuS‚
922 1890 1094 1950 Pansa,
1144 1892 1183 1941 si
1230 1893 1313 1955 qui
1361 1893 1451 1952 alii,
1502 1893 1809 1956 scribantque
1855 1893 1918 1942 ad

340 1970 602 2020 Caesarem
626 1987 719 2030 me,
747 1972 978 2035 quicquid
1004 1973 1214 2033 fecerim,
1242 1974 1302 2024 de
1329 1989 1415 2023 sua
1441 1976 1676 2024 sententia
1698 1974 1884 2024 fecisse.

411 2069 452 2112 4.
493 2052 680 2102 Tulliae
724 2069 861 2119 meae
904 2056 1106 2103 morbus
1148 2063 1197 2103 et
1237 2056 1535 2105 imbecillitas
1580 2056 1798 2119 corporis
1839 2073 1917 2105 me

343 2135 599 2204 exanimat,
637 2149 784 2197 quam
822 2136 907 2183 tibi
942 2136 1171 2198 intellego
1194 2152 1415 2199 ,magnae
1450 2153 1591 2189 curae
1625 2153 1746 2197 esse,
1784 2141 1920 2201 quod

343 2225 416 2267 est
441 2216 558 2263 mihi
582 2217 923 2278 gratissimum.
997 2229 1041 2278 5.
1078 2217 1154 2267 De
1179 2218 1399 2281 Pompeii
1425 2220 1555 2270 exitu
1579 2220 1696 2267 mihi
1721 2220 1919 2270 dubium

344 2308 611 2360 numquam
652 2298 770 2359 suit;
825 2307 958 2349 tanta
995 2299 1125 2347 enim
1165 2300 1434 2362 desperatio
1471 2316 1632 2350 rerum
1673 2302 1775 2351 eius
1815 2319 1919 2353 om-

345 2380 489 2436 nium,
520 2396 691 2444 regum
733 2389 780 2428 et
822 2381 1130 2443 populorum,
1155 2382 1344 2429 animos
1386 2392 1661 2446 occuparat,
1699 2393 1764 2444 ut,
1801 2401 1920 2450 quo-

347 2477 555 2525 cumque
598 2463 818 2521 venisset,
859 2462 953 2511 hoc
995 2470 1213 2524 putarem
1252 2462 1476 2515 futurum.
1563 2465 1679 2514 Non
1721 2481 1922 2529 possum

348 2544 449 2593 eius
476 2560 640 2592 casum
666 2560 767 2592 non
794 2545 956 2593 dolere
974 2560 989 2604 3
1026 2544 1276 2592 hominem
1302 2545 1432 2593 enim
1465 2546 1704 2608 integrum
1738 2556 1785 2595 et
1818 2564 1921 2598 cas-

350 2635 451 2674 tum
499 2634 547 2674 et
593 2641 789 2688 gravem
837 2626 1060 2689 cognovi.
1132 2615 1194 2674 6.'
1221 2626 1296 2674 De
1322 2626 1533 2682 ,Fannio
1581 2629 1803 2678 consoler
1844 2631 1923 2680 te?

353 2708 624 2771 perniciosa
648 2708 933 2771 loquebatur
958 2707 1018 2757 de
1050 2708 1301 2756 mansione
1329 2716 1434 2768 tua;
1474 2709 1529 2757 L.
1557 2725 1667 2758 vero
1692 2709 1923 2762 Lentulus

356 2786 606 2838 Hortensii
632 2788 833 2839 domum
859 2790 947 2838 sibi
972 2797 1018 2838 et
1045 2789 1262 2842 Caesaris
1287 2788 1452 2839 hortos
1477 2799 1523 2839 et
1549 2790 1690 2840 Baias
1717 2790 1924 2856 despon-
