2040 3048
158 108 338 184 Ep.82.]
518 122 704 165 EPIST.
739 121 820 160 AD
857 119 1133 160 ATTICUM
1167 120 1249 161 xl.
1296 122 1377 162 12.
1640 101 1739 173 183

513 330 592 376 82.
666 327 759 375 AD
807 326 1132 375 ATTICUM
1181 326 1266 374 XI.
1303 342 1375 375 12.

217 420 324 470 Sca.
366 421 620 470 Bnunmsn
658 436 701 469 A.
730 436 772 468 D.
813 435 913 468 v111.
952 420 1067 468 Inus
1104 419 1335 467 MARTIAS
1373 433 1513 468 A.u.c.
1555 426 1666 478 707.

694 525 863 559 cmERo
900 525 1075 559 Arrrco
1112 525 1212 558 SAL.

233 622 272 655 1.
310 606 562 656 CEPHALro
596 605 714 654 mihi
745 621 774 653 a
805 614 852 653 te
887 605 1066 653 litteras
1099 605 1306 653 reddidit
1339 621 1378 653 a.
1407 605 1450 652 d.
1489 619 1587 652 v111.
1625 600 1742 651 Idus

159 687 302 737 Mart.
326 703 539 751 vespere.
610 687 687 735 Eo
722 695 880 735 autem
917 687 994 734 die
1018 702 1163 734 mane
1193 686 1464 734 tabellarios
1498 685 1741 741 miseram,

159 772 334 835 quibus
369 771 433 819 ad
468 779 514 818 te
551 770 779 819 dederam
820 770 1025 817 litteras:
1062 769 1155 817 tuis
1197 776 1359 816 tamen
1402 768 1537 815 lectis
1579 765 1744 814 litteris

158 853 320 917 putavi
349 853 530 915 aliquid
559 852 924 901 rescribendum
957 867 1078 910 esse,
1105 851 1335 909 maxime,
1363 849 1495 913 quod
1527 848 1743 897 ostendis

158 944 206 984 te
238 935 450 999 pendere
484 935 645 994 animi,
673 949 939 998 quamnam
969 934 1206 981 rationem
1241 933 1331 981 sim
1357 931 1555 980 Caesari
1581 931 1745 979 allatu-

159 1034 239 1066 rus
280 1017 594 1081 profectionis
635 1032 773 1065 meae
822 1025 939 1074 tum,
983 1030 1095 1063 cum
1139 1031 1199 1062 ex
1243 1014 1382 1062 Italia
1424 1013 1742 1062 discesserim.

162 1100 293 1148 Nihil
329 1114 455 1162 opus
491 1107 563 1146 est
598 1098 715 1145 mihi
751 1112 878 1145 nova
914 1098 1126 1156 ratione;
1179 1111 1325 1159 saepe
1360 1096 1490 1143 enim
1534 1096 1596 1143 ad
1632 1110 1745 1142 eum

162 1183 331 1244 scripsi
365 1182 624 1244 multisque
657 1180 885 1228 mandavi
918 1195 998 1227 me
1035 1195 1138 1227 non
1171 1180 1402 1242 potuisse,
1440 1194 1553 1227 cum
1586 1179 1745 1241 cupis-

163 1280 282 1323 sem,
332 1278 582 1312 sermones
630 1262 888 1310 hominum
947 1262 1195 1319 sustinere,
1244 1261 1492 1323 multaque
1540 1261 1589 1307 in
1636 1275 1745 1307 eam

163 1347 464 1395 sententiam.
536 1344 669 1392 Nihil
711 1344 841 1392 enim
890 1352 1003 1401 erat,
1045 1343 1179 1405 quod
1222 1343 1381 1389 minus
1424 1357 1535 1389 eum
1577 1341 1745 1389 vellem

162 1429 449 1485 existimare,
477 1442 625 1490 quam
652 1442 730 1473 me
755 1433 889 1473 tanta
922 1425 982 1472 de
1012 1440 1062 1472 re
1097 1439 1198 1472 non
1227 1438 1341 1472 meo
1375 1423 1578 1471 consilio
1605 1438 1746 1470 usum

161 1526 283 1559 esse.
354 1508 645 1571 Posteaque‚
689 1523 799 1556 cum
849 1506 966 1554 mihi
1014 1506 1196 1554 litterae
1246 1521 1275 1554 a
1316 1505 1472 1553 Balbo
1517 1504 1746 1569 Cornelio

161 1593 350 1641 minore
385 1592 562 1639 missae
600 1598 764 1638 essent
801 1589 934 1637 illum
971 1589 1245 1636 existimare
1276 1587 1514 1647 Quintum
1554 1587 1746 1636 fratrem

161 1675 331 1723 lituum
365 1689 504 1722 meae
537 1672 853 1736 profectionis
886 1671 1170 1719 fuisse—ita
1206 1672 1336 1719 enim
1371 1671 1641 1733 scripsit—,
1666 1672 1747 1734 qui

162 1757 383 1806 nondum
419 1769 728 1817 cognossem,
765 1769 889 1816 quae
929 1753 989 1800 de
1026 1767 1106 1800 me
1133 1752 1344 1812 Quintus
1382 1752 1651 1814 scripsisset
1687 1752 1749 1800 ad

162 1839 356 1896 multos,
383 1837 471 1886 etsi
496 1837 646 1884 multa
670 1850 903 1898 praesens
936 1835 987 1882 in
1017 1843 1323 1897 praesentem
1359 1835 1532 1883 acerbe
1566 1834 1750 1883 dixerat

163 1929 210 1968 et
251 1920 442 1978 fecerat,
482 1926 647 1966 tamen
685 1917 833 1965 nihilo
871 1917 1032 1964 minus
1068 1916 1142 1964 his
1180 1917 1337 1964 verbis
1386 1917 1449 1965 ad
1489 1915 1747 1970 Caesarem

163 2002 360 2064 scripsi:

234 2100 276 2131 2.
316 2083 421 2132 ‘De
448 2082 635 2142 Quinto
671 2081 813 2129 fratre
845 2095 958 2129 meo
991 2095 1094 2129 non
1126 2081 1288 2128 minus
1314 2081 1484 2130 laboro
1510 2097 1655 2146 quam
1689 2082 1749 2130 de

163 2183 241 2216 me
267 2168 388 2230 ipso,
416 2166 503 2214 sed
528 2178 640 2213 eum
665 2165 749 2212 tibi
774 2164 1121 2212 commendare
1140 2163 1235 2211 hoc
1260 2178 1373 2211 meo
1399 2172 1621 2227 tempore
1647 2179 1750 2212 non

163 2250 321 2297 audeo
342 2263 356 2309 3
394 2247 512 2296 illud
537 2247 786 2295 dumtaxat
811 2255 974 2294 tamen
998 2246 1192 2294 audebo
1219 2254 1384 2309 petere
1415 2247 1502 2295 abs
1526 2254 1588 2304 te,
1616 2246 1750 2309 quod

166 2344 211 2383 te
237 2349 340 2392 oro,
366 2349 428 2381 ne
453 2333 570 2396 quid
603 2333 849 2380 existimes
882 2333 944 2379 ab
981 2331 1061 2380 illo
1095 2331 1275 2380 factum
1309 2347 1431 2390 esse,
1458 2347 1558 2395 quo
1589 2333 1749 2379 minus

166 2432 276 2463 mea
299 2418 350 2463 in
375 2424 422 2463 te
447 2415 605 2463 officia
630 2423 910 2462 constarent
942 2414 1162 2461 minusve
1197 2422 1242 2461 te
1273 2414 1540 2475 diligerem,
1565 2414 1749 2477 potius·

167 2513 262 2561 que
297 2511 489 2559 semper
525 2496 655 2544 illum
687 2504 938 2545 auctorem
976 2503 1172 2543 nostrae
1209 2495 1568 2544 coniunctionis
1604 2495 1751 2544 fuisse

168 2580 362 2642 meique
398 2579 578 2626 itineris
615 2579 859 2636 comitem,
891 2593 992 2625 non
1030 2578 1237 2625 ducem:
1275 2593 1373 2639 qua
1407 2593 1458 2626 re
1495 2578 1665 2626 ceteris
1701 2579 1750 2626 in

168 2662 310 2709 rebus
334 2668 522 2708 tantum
548 2660 590 2708 ei
620 2660 814 2718 tribues,
841 2669 1076 2722 quantum
1101 2659 1376 2707 humanitas
1410 2667 1491 2706 tua
1519 2659 1749 2708 amicitia-

170 2759 264 2808 que
288 2752 447 2791 vestra
470 2742 680 2806 postulat
696 2760 708 2802 ;
747 2759 842 2806 ego
876 2743 919 2791 ei
951 2758 1012 2790 ne
1038 2742 1153 2805 quid
1188 2742 1320 2806 apud
1351 2750 1397 2790 te
1430 2742 1606 2803 obsim,
1631 2743 1681 2793 id
1705 2751 1752 2796 te

170 2825 476 2878 vehementer
501 2825 644 2872 etiam
672 2832 815 2891 atque
840 2826 984 2873 etiam
1009 2820 1163 2893 rogo‚'
1701 2812 1710 2820 ’
