2040 3048
109 109 372 177 Ep.50,51.]
416 117 603 159 EPIST.
642 117 724 156 AD
761 115 1037 157 ATTIOUM
1076 115 1199 153 vm.
1248 118 1308 156 12
1347 114 1399 152 D.
1590 118 1680 172 131

107 252 301 314 negotia
325 251 457 299 tueri.
529 249 656 299 Cum
694 263 753 297 eo
782 250 1034 307 venissem,
1061 247 1157 296 vidi
1183 245 1245 295 T.
1270 247 1507 309 Ampium
1544 245 1687 293 dilec-

106 341 207 381 tum
254 333 431 381 habere
485 331 864 394 diligentissime,
921 332 984 378 ab
1044 344 1104 378 eo
1164 329 1383 391 accipere
1433 328 1688 383 Libonem,

107 429 297 463 summa
327 416 441 463 item
475 414 721 476 diligentia
750 421 796 461 et
820 414 871 461 in
895 412 974 460 illa
1004 412 1198 460 colonia
1232 411 1527 459 auctoritate.
1599 408 1689 458 Fui

107 496 319 560 Capuae,
345 497 507 561 quoad
532 496 770 545 consules,
842 494 1038 553 Iterum,
1064 502 1116 541 ut
1143 501 1243 541 erat
1269 493 1481 541 edictum
1513 507 1542 540 a
1572 506 1687 540 con-

106 580 303 639 sulibus,
328 580 436 628 veni
473 578 695 642 Capuam
732 578 797 627 ad
821 575 994 624 Nonas
1031 575 1257 623 Februar.
1331 575 1458 624 Cum
1492 575 1689 623 fuissem

106 663 329 721 triduum,
355 662 515 724 recepi
539 676 617 708 me
643 659 880 707 Formias.
953 674 996 720 3.
1035 657 1196 717 Nunc,
1224 656 1358 719 quod
1394 666 1532 704 tuum
1570 670 1687 704 con-

107 745 263 792 silium
299 754 379 792 aut
403 758 527 807 quae
563 743 682 790 ratio
719 741 829 789 belli
867 741 940 798 sit,
966 743 1169 802 ignoro:
1208 740 1247 787 si
1272 739 1537 787 tenendam
1563 739 1690 786 hanc

106 842 242 875 oram
275 837 430 890 putas,
457 841 580 889 quae
613 835 660 874 et
696 824 1114 888 opportunitatem
1143 829 1191 870 et
1225 821 1508 884 dignitatem
1544 820 1691 869 habet

107 916 154 956 et
189 909 410 972 egregios
446 909 587 967 cives,
613 914 677 966 et,
710 914 764 953 ut
799 905 1015 963 arbitror,
1052 903 1205 951 teneri
1242 911 1418 966 potest,
1457 918 1581 966 opus
1617 910 1689 951 est

107 1004 213 1038 esse
239 991 321 1054 qui
345 990 550 1054 praesit3
589 989 663 1036 sin
699 988 865 1035 omnia
898 1000 1051 1033 unum
1085 984 1324 1032 inlocum
1361 984 1692 1032 contrahenda

108 1081 232 1132 sunt,
259 1087 361 1120 non
385 1072 553 1120 dubito
579 1070 705 1134 quin
722 1069 785 1117 ad
809 1076 858 1116 te
888 1067 1050 1116 statim
1075 1067 1281 1124 veniam,
1308 1081 1407 1129 quo
1435 1066 1551 1113 mihi
1575 1066 1690 1114 nihil

108 1155 317 1217 optatius
353 1162 437 1212 est,
463 1154 610 1215 idque
646 1160 822 1209 tecum,
858 1164 957 1213 quo
997 1149 1074 1196 die
1110 1149 1171 1196 ab
1208 1150 1326 1195 urbe
1364 1148 1689 1208 discessimuS‚

108 1236 295 1283 locutus
333 1251 455 1284 sum.
525 1234 653 1297 Eg0,
692 1235 732 1282 si
774 1232 851 1282 cui
893 1231 1053 1279 adhuc
1093 1229 1260 1278 videor
1297 1231 1493 1293 segnior
1528 1231 1689 1291 fuisse,

108 1317 224 1365 dum
259 1333 321 1365 ne
356 1318 442 1365 tibi
477 1317 652 1375 videar,
690 1331 792 1364 non
828 1314 1015 1371 laboro,
1052 1320 1101 1360 et
1139 1320 1318 1372 tamen,
1355 1313 1410 1371 si,
1447 1320 1499 1360 ut
1534 1314 1688 1375 video,

107 1399 285 1447 bellum
322 1399 592 1462 gerendum
630 1406 718 1456 est,
762 1396 960 1446 confido
1002 1410 1082 1443 me
1123 1395 1354 1442 omnibus
1397 1394 1534 1442 facile
1577 1397 1689 1444 satis

106 1481 376 1533 facturum.v
435 1497 479 1540 4.
522 1479 592 1527 M.
629 1479 859 1538 Tullium,
918 1492 1084 1525 meum
1134 1477 1477 1535 necessarium,
1529 1477 1592 1525 ad
1644 1485 1690 1526 te

107 1565 230 1623 misi,
257 1564 333 1613 cui
357 1572 423 1622 tu,
450 1564 489 1612 si
514 1564 597 1611 tibi
622 1563 876 1620 videretur,
903 1561 966 1614 ad
990 1576 1069 1608 me
1094 1559 1276 1608 litteras
1301 1560 1454 1609 dares,

403 1701 480 1745 51.
551 1696 647 1744 AD
684 1693 1009 1743 ATTICUM
1048 1693 1189 1741 VIII.
1233 1708 1289 1740 12
1330 1693 1392 1740 D.

173 1794 279 1844 Scn.
318 1793 570 1842 LUCERIAE
605 1808 651 1840 A.
687 1807 733 1840 n.
771 1806 869 1838 xm.
907 1790 1035 1838 KAL.
1072 1789 1303 1839 MARrrAs
1340 1806 1477 1840 A.U.c.
1519 1804 1630 1853 705.

276 1899 350 1933 CN.
386 1898 579 1931 MAGNUS
614 1896 804 1931 PRocos.
839 1895 876 1929 s,
911 1896 956 1929 D.
994 1896 1038 1929 L.
1074 1895 1279 1929 DOMITIO
1315 1896 1505 1929 PRocos

180 1996 221 2029 1.
266 1979 519 2028 LITTERAE
557 1977 676 2026 mihi
713 1993 742 2025 a
783 1985 829 2025 te
869 1977 1081 2024 redditae
1121 1984 1232 2025 sunt
1273 1993 1315 2025 a.
1354 1978 1399 2025 d.
1438 1993 1538 2025 xm.
1577 1976 1687 2025 Kal.

110 2063 324 2117 Martias,
371 2062 422 2109 in
474 2061 647 2124 quibus
707 2060 872 2108 scribis
920 2058 1182 2107 Caesarem
1241 2059 1371 2122 apud
1419 2059 1687 2107 Corfinium

109 2154 264 2194 castra
287 2144 522 2207 posuisse.
593 2142 744 2202 Quod
768 2142 931 2206 putavi
962 2150 1010 2189 et
1038 2142 1324 2204 praemonui
1350 2141 1415 2200 fit,
1441 2150 1492 2189 ut
1525 2157 1615 2190 nec
1639 2142 1689 2189 in

110 2228 380 2290 praesentia
420 2226 724 2274 committere
760 2233 921 2273 tecum
958 2224 1195 2286 proelium
1231 2223 1342 2271 velit
1378 2232 1427 2271 et
1462 2225 1691 2274 omnibus

111 2310 261 2373 copiis
287 2308 539 2357 conductis
563 2315 609 2356 te
633 2307 857 2371 implicet,
884 2321 945 2354 ne
971 2305 1033 2353 ad
1060 2321 1139 2354 me
1169 2306 1255 2353 iter
1288 2306 1372 2353 tibi
1410 2307 1691 2369 expeditum

112 2393 171 2440 sit
205 2380 348 2454 atque
373 2391 489 2438 istas
515 2391 681 2453 copias
705 2390 1000 2451 coniungere
1025 2389 1324 2450 optimorum
1362 2389 1539 2437 civium
1575 2405 1689 2452 pos-

111 2475 176 2522 sis
211 2489 323 2521 cum
358 2473 415 2521 iis
446 2473 730 2535 legionibus,
768 2473 828 2520 de
862 2485 1068 2534 quarum
1103 2469 1365 2517 voluntate¹
1386 2471 1690 2521 dubitamus:

111 2571 209 2618 quo
257 2556 401 2603 etiam
447 2557 603 2618 magis
648 2556 742 2604 ,tuis
780 2554 955 2603 >litteris
1004 2567 1114 2601 sum
1164 2560 1472 2613 commotus;
1534 2569 1691 2618 neque

111 2639 240 2685 enim
265 2651 432 2684 eorum
467 2637 685 2696 militum,
710 2641 833 2700 quos
869 2651 1064 2684 mecum
1096 2634 1269 2694 habe0‚
1296 2635 1541 2685 voluntate
1576 2637 1691 2685 satis

110 2719 320 2777 confido,
345 2727 397 2766 ut
426 2720 486 2766 de
519 2720 745 2768 omnibus
769 2720 974 2768 fortunis
997 2719 1065 2766 rei
1090 2718 1309 2780 publicae
1341 2718 1581 2777 dimicem,
1609 2734 1691 2766 ne-

111 2818 205 2866 que
241 2803 399 2857 etiam,
426 2802 507 2864 qui
543 2817 604 2850 ex
630 2802 879 2850 dilectibus
914 2801 1173 2863 conscripti
1209 2808 1373 2848 sunta
1398 2801 1688 2859 consulibus,

856 2899 888 2931 K
916 2899 939 2928 2
