2040 3048
190 143 256 193 Ep.
282 139 346 193 76,
372 124 460 202 ῃ]
540 139 726 179 EPIST.
767 140 848 177 AD
885 139 1259 179 FAMILIARES
1295 140 1373 179 rx.
1405 144 1452 197 9.
1666 139 1764 195 175

185 266 395 314 officium
427 265 681 328 neglexisti
715 280 874 329 neque
907 264 1023 312 mihi
1061 264 1357 314 consuluisti.
1432 263 1606 327 Neque
1643 263 1764 311 haec

185 348 309 407 dico,
347 349 482 412 quod
519 347 731 395 diffidam
768 347 877 396 huic
914 363 1102 404 causae,
1142 348 1229 396 sed
1265 347 1405 395 crede
1444 346 1573 405 mihi,
1612 346 1765 409 perire

184 430 332 480 satius
373 438 445 478 est
481 444 627 492 quam
666 429 758 476 hos
794 429 965 476 videre.
1050 446 1093 478 2.
1138 428 1287 488 Quod
1326 430 1365 477 si
1402 429 1546 477 timor
1580 435 1765 476 vestrae

185 512 476 561 crudelitatis
511 525 614 558 non
650 518 787 568 esset,
827 511 963 558 eiecti
999 511 1096 558 iam
1133 510 1320 573 pridem
1358 510 1470 558 hinc
1513 524 1732 558 essemus
1752 526 1764 569 ;

184 610 299 643 narn
323 595 400 643 hic
424 610 553 643 nunc
578 602 766 659 praeter
790 594 1112 642 faeneratores
1147 609 1332 656 paucos
1363 611 1454 643 nec
1489 594 1640 643 homo
1674 610 1764 644 nec

185 677 307 724 ordo
326 677 582 740 quisquam
606 684 679 724 est
703 675 795 724 nisi
819 675 1161 738 Pompeianus
1221 674 1466 740 Equidem
1492 677 1589 724 iarn
1608 677 1763 735 effeci,

184 766 234 805 ut
259 759 469 806 maxime
495 758 633 821 plebs
658 766 719 817 et,
745 758 828 822 qui
862 766 1005 806 antea
1038 765 1204 806 noster
1237 757 1337 815 fuit,
1364 758 1575 821 populus
1608 765 1764 807 vester

184 848 324 888 esset.
379 844 391 865 ‘
408 838 508 888 Cur
532 838 680 888 hoc?’
704 840 876 904 inquis.
951 838 1113 888 Immo
1138 839 1321 903 reliqua
1346 847 1650 903 exspectate,
1676 856 1763 889 vos

183 922 355 970 invitos
391 923 579 971 vincere
623 937 846 985 coegero,
925 920 1101 970 Geram
1137 922 1339 970 alterum
1375 937 1454 970 me
1493 921 1762 971 Catonem:

184 1019 270 1052 vos
295 1003 526 1063 dormitis,
548 1019 706 1067 neque
732 1004 890 1052 adhuc
915 1003 1033 1052 mihi
1051 1003 1278 1052 videmini
1303 1003 1594 1066 intellegere,
1615 1019 1762 1067 quam

184 1101 275 1134 nos
300 1094 552 1148 pateamus
577 1095 624 1135 et
649 1101 797 1149 quam
822 1086 973 1134 simus
998 1085 1237 1134 imbecilli.
1285 1085 1449 1148 Atque
1473 1086 1568 1135 hoc
1589 1087 1763 1135 nullius

184 1169 382 1231 praemii
419 1184 506 1232 spe
542 1168 731 1226 faciam,
761 1168 860 1225 sed,
887 1168 1022 1231 quod
1058 1167 1188 1230 apud
1225 1183 1304 1216 me
1340 1169 1600 1230 plurimum
1639 1169 1763 1218 solet

183 1251 352 1308 valere,
370 1250 551 1298 doloris
576 1258 720 1313 atque
746 1249 1041 1312 indignitatis
1067 1264 1226 1298 causa.
1288 1249 1422 1310 Quid
1446 1251 1550 1299 istic
1575 1251 1762 1300 facitis?

183 1339 419 1403 proelium
456 1339 758 1401 exspectatis,
785 1338 918 1401 quod
952 1338 1281 1387 firmissimum
1314 1339 1492 1388 habet?
1563 1341 1762 1390 Vestras

183 1423 350 1487 copias
386 1437 487 1470 non
523 1421 663 1481 novi;
699 1421 854 1470 nostri
887 1420 1024 1469 valde
1057 1421 1338 1484 depugnare
1362 1430 1411 1471 et
1435 1422 1574 1472 facile
1599 1424 1762 1487 algere

182 1514 229 1554 et
252 1505 428 1553 esurire
453 1512 762 1552 consuerunt.

539 1641 614 1686 77.
667 1636 761 1682 AD
792 1635 1213 1683 FAMILIARES
1247 1637 1334 1684 IX.
1363 1654 1407 1699 9.

271 1725 377 1775 Sca.
417 1744 467 1776 IN
503 1729 743 1780 CAESAms
777 1746 972 1783 CASTms
1008 1747 1164 1780 MENSE
1201 1731 1338 1779 MAro
1377 1747 1514 1782 A.U.c.
1541 1736 1652 1795 706.

623 1837 911 1871 DOLABELLA
947 1837 982 1870 s.
1009 1838 1051 1870 D.
1081 1838 1316 1872 CICERONI.

255 1937 295 1969 1.
334 1919 380 1967 S.
410 1935 451 1967 v.
478 1934 520 1967 G.
548 1934 592 1966 v.
619 1926 666 1966 et
696 1918 857 1967 Tullia
893 1929 1059 1967 nostra
1094 1928 1222 1968 recte
1259 1936 1299 1968 v.
1335 1920 1565 1971 Terentia
1600 1925 1762 1973 minus

180 2003 303 2051 belle
327 2002 506 2061 habuit,
529 2002 613 2050 sed
638 2008 823 2049 certum
849 2002 949 2050 scio
976 2003 1072 2049 iarn
1098 2003 1399 2051 convaluisse
1419 2020 1543 2053 eam.
1615 2005 1760 2055 Prae-

179 2093 309 2134 terea
332 2085 595 2134 rectissime
621 2092 732 2132 sunt
757 2084 888 2147 apud
912 2091 958 2131 te
991 2084 1170 2132 omnia.
1240 2085 1343 2134 Etsi
1378 2086 1509 2134 nullo
1542 2095 1760 2151 tempore

178 2169 228 2216 in
270 2168 588 2231 suspitionem
630 2167 715 2214 tibi
759 2167 903 2215 debui
945 2166 1105 2214 venire
1148 2167 1356 2230 partium
1405 2185 1552 2218 causa
1599 2172 1759 2234 potius

138 2285 143 2290 -
177 2265 325 2313 quarn
367 2258 449 2298 tua
490 2249 573 2297 tibi
615 2248 829 2308 suadere,
867 2257 918 2296 ut
961 2255 1007 2296 te
1050 2257 1130 2297 aut
1178 2264 1290 2297 curn
1339 2249 1547 2299 Caesare
1595 2254 1758 2301 nobis-

179 2346 387 2395 cumque
412 2332 733 2394 coniungeres
760 2339 841 2378 aut
867 2338 994 2379 certe
1019 2329 1069 2378 in
1095 2331 1248 2379 otium
1267 2331 1481 2391 referres,
1499 2336 1757 2398 praecipue

178 2431 309 2463 nunc
343 2416 439 2463 iam
471 2413 695 2462 inclinata
726 2414 938 2472 victoria,
964 2429 1026 2462 ne
1059 2428 1261 2475 possum
1295 2415 1492 2478 quidem
1527 2417 1575 2463 in
1613 2418 1756 2466 ullam

180 2497 322 2545 aliam
348 2497 558 2544 incidere
583 2495 867 2559 opinionem
900 2495 989 2543 nisi
1023 2496 1073 2542 in
1107 2510 1229 2552 eam,
1257 2496 1305 2542 in
1331 2511 1427 2558 qua
1461 2498 1641 2546 scilicet
1674 2500 1756 2548 tibi

181 2579 382 2626 suadere
407 2578 581 2635 videar,
608 2577 742 2640 quod
766 2577 844 2640 pie
870 2585 1027 2625 tacere
1052 2591 1152 2624 non
1177 2576 1390 2638 possim:
1419 2586 1469 2625 tu
1495 2587 1669 2637 autem,
1692 2583 1755 2628 mi

181 2659 368 2715 Cicer0,
386 2659 453 2706 sic
478 2658 599 2706 haec
625 2659 845 2721 accipieS‚
864 2666 929 2716 ut,
947 2658 1046 2706 sive
1071 2658 1403 2720 probabuntur
1424 2660 1507 2706 tibi
1532 2661 1630 2709 sive
1657 2677 1755 2709 non

180 2741 526 2803 probabuntur,
548 2740 610 2787 ab
634 2741 821 2802 optimo
847 2748 975 2787 certe
1002 2740 1164 2787 animo
1191 2755 1248 2788 ac
1275 2739 1575 2789 deditissimo
1601 2743 1683 2790 tibi
1709 2753 1755 2791 et

180 2823 389 2888 cogitata
436 2830 482 2870 et
529 2822 704 2886 scripta
751 2836 857 2870 esse
904 2821 1099 2870 iudices.
1188 2837 1228 2868 2.
1273 2822 1624 2871 Animadvertis
1663 2824 1752 2873 Cn.
