2040 3048
313 95 384 162 96
768 109 828 146 M.
871 108 1074 146 TULLII
1110 109 1421 148 CICERONIS
1689 97 1799 165 [Pars
1825 109 1878 147 11.

317 229 439 287 ‘qua
470 224 520 271 in
552 239 697 272 causa
712 223 744 271 ?’
814 223 881 270 M.
919 225 1172 283 Tuccium,
1211 234 1542 274 accusatorem
1578 240 1734 283 suum,
1770 233 1884 289 post

313 306 453 354 ludos
486 306 738 354 Romanos
762 321 897 354 reum
929 306 1036 369 lege
1069 307 1223 355 Plotia
1246 308 1307 355 de
1331 308 1376 354 vi
1409 307 1519 355 fecit
1544 307 1639 355 hoc
1664 308 1881 365 consilio,

314 387 447 449 quod
489 387 692 444 videbat,
737 387 775 435 si
810 388 1213 437 extraordinarius
1254 404 1363 437 reus
1404 403 1550 436 nemo
1587 390 1882 447 accessisset,

315 469 404 516 sibi
444 468 537 515 hoc
579 483 708 516 anno
751 484 947 517 causam
995 485 1100 518 esse
1148 470 1403 519 dicendam
1421 487 1433 529 ;
1495 470 1694 518 dubium
1740 486 1883 533 porro

314 550 378 596 illi
419 564 520 597 non
559 558 671 607 erat,
711 550 827 612 quid
864 550 1074 599 futurum
1115 560 1254 600 esset.
1328 551 1524 600 Nemini
1566 552 1661 600 hoc
1698 552 1881 600 deferre

313 632 654 679 munusculum
695 632 861 680 maluit
901 648 1048 695 quam
1090 649 1178 682 suo
1221 635 1501 682 accusatori.
1573 633 1742 697 Itaque
1781 635 1883 681 sine

313 713 409 761 ullo
446 714 766 775 subscriptore
803 714 1050 763 descendit
1085 724 1132 763 et
1167 716 1407 763 Tuccium
1449 731 1584 764 reum
1622 716 1747 764 fecit.
1818 716 1884 763 At

314 810 423 857 ego,
477 795 618 843 simul
675 803 818 859 atque
879 797 1049 855 audivi,
1109 799 1355 846 invocatus
1415 798 1477 845 ad
1535 798 1759 846 subsellia
1816 799 1885 845 rei

314 892 541 935 occurro;
604 892 765 940 surgo,
814 893 970 941 neque
1030 880 1227 927 verbum
1285 880 1346 928 de
1404 895 1455 928 re
1512 879 1668 928 facio:
1727 887 1881 928 totum

317 958 657 1020 Sempronium
702 974 855 1022 usque
903 975 963 1007 eo
1010 976 1208 1022 perago,
1254 970 1308 1009 ut
1354 961 1630 1010 Vestorium
1688 976 1883 1024 quoque

313 1041 618 1102 interponam
653 1047 700 1087 et
734 1040 862 1089 illam
896 1041 1108 1090 fabulam
1142 1057 1342 1102 narrem,
1380 1058 1526 1105 quem
1573 1043 1636 1091 ad
1681 1044 1886 1091 modum

313 1122 398 1170 tibi
434 1136 524 1183 pro
561 1122 798 1170 beneficio
839 1122 1036 1181 dederit,
1073 1123 1107 1178 †
1149 1125 1188 1172 si
1224 1124 1356 1187 quod
1392 1125 1573 1172 iniuriis
1610 1126 1708 1173 suis
1744 1133 1884 1179 esset,

314 1212 366 1251 ut
417 1203 668 1252 Vestorius
722 1211 915 1252 teneret.
990 1221 1031 1253 2.
1070 1205 1210 1253 Haec
1263 1221 1457 1269 quoque
1515 1221 1694 1268 magna
1754 1222 1885 1255 nunc

315 1285 559 1334 contentio
594 1285 753 1333 forum
788 1295 945 1334 tenet:
997 1287 1066 1334 M.
1104 1287 1326 1336 Servilius
1367 1296 1639 1351 postquam,
1678 1297 1731 1337 ut
1773 1304 1883 1337 coe-

314 1375 461 1431 perat,
499 1367 724 1415 omnibus
763 1368 812 1415 in
852 1369 993 1416 rebus
1030 1371 1242 1417 turbarat
1278 1385 1369 1418 nec
1407 1370 1542 1432 quod
1577 1385 1678 1418 non
1706 1371 1883 1419 vende·

314 1458 387 1498 ret
421 1449 680 1513 quicquam
721 1450 970 1513 reliquerat
1010 1452 1317 1514 maximaque
1358 1452 1500 1500 nobis
1538 1453 1736 1501 traditus
1785 1462 1886 1502 erat

315 1533 504 1591 invidia,
530 1545 688 1593 neque
724 1531 997 1581 Laterensis
1031 1541 1223 1595 praetor
1258 1534 1592 1596 expostulante
1629 1534 1881 1594 Pausania,

317 1617 458 1665 nobis
511 1615 737 1678 patronis,
784 1630 879 1669 Qvo
929 1630 992 1662 EA
1042 1630 1244 1663 PEcva
1294 1630 1623 1673 PERVENISSET,
1671 1617 1882 1679 recipere

318 1699 477 1757 voluit,
511 1697 572 1756 Q.
600 1697 760 1755 Pilius,
793 1697 1091 1744 necessarius
1127 1697 1273 1744 Attici
1308 1698 1472 1757 nostri,
1509 1698 1570 1746 de
1605 1701 1882 1762 repetundis

319 1797 430 1830 eum
465 1780 745 1843 postulavit:
793 1794 974 1841 magna
1009 1779 1117 1827 ilico
1153 1779 1282 1827 fama
1320 1781 1521 1828 surrexit
1558 1789 1604 1828 et
1646 1782 1706 1829 de
1749 1782 1884 1829 dam-

318 1863 512 1911 natione
549 1861 783 1909 ferventer
818 1861 950 1922 loqui
985 1869 1057 1909 est
1093 1869 1334 1923 coeptum.
1407 1861 1523 1920 Quo
1559 1870 1703 1910 vento
1742 1864 1884 1926 proii-

316 1946 436 1993 citur
482 1943 672 2006 Appius
724 1944 896 2000 minor,
944 1951 997 1990 ut
1046 1944 1275 1991 indicaret
1322 1944 1578 2006 pecuniam
1630 1960 1690 1992 ex
1742 1946 1886 1994 bonis

315 2026 463 2089 patris
498 2025 770 2087 pervenisse
807 2024 870 2071 ad
905 2024 1152 2072 Servilium
1185 2026 1702 2087 praevaricationisque
1739 2043 1884 2075 causa

318 2108 495 2156 diceret
554 2107 827 2168 depositum
887 2105 990 2152 HS.
1044 2121 1201 2153 LXXXI.
1272 2106 1537 2154 Admiraris
1596 2109 1883 2156 amentiam:

316 2191 466 2237 immo
515 2188 554 2236 si
600 2188 840 2235 actionem
894 2187 1288 2249 stultissimasque
1335 2188 1395 2234 de
1451 2203 1516 2244 se,
1565 2188 1770 2236 nefarias
1824 2190 1884 2237 de

316 2279 450 2333 patre
509 2269 840 2317 confessiones
900 2268 1147 2316 audisses?
1242 2284 1285 2329 3.
1322 2268 1469 2316 Mittit
1525 2269 1575 2315 in
1633 2270 1884 2318 consilium

317 2351 516 2399 eosdem
550 2350 670 2408 illos,
700 2350 782 2412 qui
815 2349 920 2397 lites
948 2349 1267 2407 aestimarant,
1302 2350 1495 2398 iudices.
1568 2349 1694 2398 Cum
1727 2366 1884 2413 aequo

318 2447 520 2480 numero
569 2431 832 2479 sententiae
878 2430 1092 2487 fuissent,
1143 2431 1417 2478 Laterensis
1470 2431 1600 2492 leges
1654 2432 1884 2494 ignorans

317 2513 656 2576 pronuntiavit,
693 2512 807 2574 quid
843 2511 1014 2572 singuli
1050 2511 1242 2560 ordines
1278 2513 1581 2570 iudicassent,
1619 2521 1666 2561 et
1696 2513 1759 2562 ad
1800 2530 1882 2562 eX-

318 2605 537 2652 tremum,
586 2602 636 2641 ut
684 2594 850 2649 solent,
893 2607 990 2641 NON
1035 2608 1265 2642 REDIGAM.
1353 2594 1618 2656 Postquam
1666 2595 1884 2644 discessit

320 2686 366 2724 et
414 2691 502 2738 pro
551 2675 771 2723 absoluto
821 2674 1040 2721 Servilius
1089 2675 1254 2723 haberi
1301 2684 1523 2738 coeptus.
1548 2684 1618 2723 est
1669 2676 1883 2740 legisque

321 2772 469 2806 unum
509 2764 556 2804 et
597 2757 911 2804 centesimum
952 2765 1096 2818 caput
1128 2756 1256 2819 legit,
1292 2757 1342 2804 in
1381 2772 1478 2820 quo
1517 2757 1580 2805 ita
1618 2768 1730 2816 erat,
1756 2773 1884 2814 Qvon

2028 0 2040 88 1

2030 91 2040 168 1.,
