2040 3048
262 98 365 151 292

315 227 419 265 natui
458 227 564 265 dicto
602 227 797 266 audientes
835 237 914 264 esse
951 225 1056 271 dicit,

315 291 396 334 953
426 281 504 320 eius
530 294 619 319 curn
639 282 684 321 C.
708 281 867 320 Caesare
896 280 1056 318 inimici-

315 337 405 380 tiae,
433 343 612 388 97-100,
646 342 738 386 117,
773 345 874 380 1203
919 335 1057 373 dicitur

315 391 426 429 valde
454 402 524 440 pro
551 390 678 440 Appio
706 389 893 434 laborare,
915 390 1055 439 (A.u.c.

321 444 434 495 704),
461 454 550 489 101,
580 457 639 494 cp.
665 444 754 488 108,
787 453 888 495 1143
919 444 1055 483 Cicero

317 511 406 538 eum
433 505 569 538 monet
593 511 643 538 ne
662 511 702 538 se
722 498 895 550 diiungat
916 511 939 537 a
959 499 1056 538 Cae-

318 566 411 598 sare,
437 553 525 606 196,
553 561 654 605 1973
684 554 718 592 ei
747 560 790 591 ut
820 560 882 591 eat
910 553 949 591 in
969 553 1055 591 His·

318 608 471 658 paniam
493 609 638 653 suadet,
662 614 763 658 1973
793 607 931 647 Cicero
953 615 1057 646 totus

319 664 398 701 eius
432 669 502 708 est,
535 662 639 708 1083
682 663 741 713 Q
763 662 938 702 Cassium
977 662 1058 701 sine

319 725 420 756 sorte
474 724 715 768 quaestorem
769 717 914 768 deligit,
957 726 1058 769 1193

318 782 435 812 A.u.c.
471 778 547 822 705
579 773 713 810 urbem
742 771 930 821 relinquit,
955 769 1060 809 126-

325 825 398 865 128
416 839 426 872 3
456 826 681 865 Ciceronem
703 826 931 875 Campaniae
952 838 1058 875 prae·

319 881 410 926 ficit,
428 879 505 919 128
523 893 534 926 3
564 881 792 920 Ciceronem
815 881 862 918 ad
879 892 918 918 se
935 880 1056 919 Luce·

319 936 413 974 riam
425 935 555 974 venire
568 935 685 985 cupit,
701 945 798 982 1303
819 934 864 973 L.
879 934 1056 973 Domitio

320 1002 433 1039 opem
468 989 563 1027 ferre
594 1001 673 1028 non
703 990 798 1034 vult,
834 997 938 1037 1313
978 989 1056 1027 eius

320 1045 529 1082 multorum
559 1056 745 1082 annorum
773 1050 942 1093 peccata,
967 1053 1056 1093 135,

325 1097 400 1149 136
414 1113 424 1145 3
454 1098 693 1137 Brundisium
717 1110 757 1136 se
775 1098 939 1143 confert,
964 1109 1056 1148 140,

325 1163 414 1201 142,
440 1161 515 1205 157
533 1167 542 1199 3
571 1153 650 1192 eius
668 1153 716 1191 ad
737 1152 944 1191 Caesarem
965 1153 1059 1202 epis-

321 1208 412 1256 tola,
439 1218 540 1258 1393
570 1207 786 1246 dominatio
809 1207 978 1256 quaesita
1009 1208 1057 1245 ab

322 1275 383 1308 eo,
415 1271 518 1313 1413
557 1262 750 1300 iracundia
780 1262 859 1300 eius
887 1262 1058 1307 timetur,

326 1327 425 1368 1443
460 1316 600 1355 Sullani
630 1317 737 1369 regni
770 1316 1056 1355 similitudinem

323 1372 565 1421 concupiscit,
608 1371 698 1422 146,
737 1383 797 1420 cp.
835 1381 926 1419 149,
968 1381 1057 1420 152,

326 1436 416 1476 154,
460 1424 655 1478 179-181
677 1439 687 1471 3
753 1425 940 1463 Brundisii
986 1426 1057 1463 cir-

323 1481 586 1528 cumvallatus,
615 1487 715 1530 1573
747 1480 883 1518 Cicero
913 1480 951 1517 in
981 1480 1058 1517 eius

324 1542 443 1574 castra
464 1547 503 1574 se
522 1535 683 1578 confert,
703 1543 750 1584 17
756 1531 911 1583 3-1763
942 1546 1059 1583 prope

326 1589 606 1640 Dyrrhachium
622 1588 939 1633 circumvallatus,
956 1585 1032 1638 176
1049 1601 1059 1633 3

325 1645 420 1683 bene
433 1656 514 1682 rem
529 1643 641 1695 gerit,
660 1650 736 1694 177
753 1655 763 1688 3
793 1643 868 1681 suis
880 1643 1061 1681 militibus

325 1698 515 1737 confidere
529 1699 668 1748 coepit,
689 1709 787 1749 1903
817 1698 938 1736 victus
952 1697 1062 1749 fugit,

327 1754 403 1800 ib.;
433 1754 558 1791 exitus
578 1754 671 1798 eius,
695 1751 783 1798 180,
808 1750 897 1790 188.

273 1808 487 1857 Pompeius,
508 1807 580 1847 Cn.
602 1807 778 1860 Magnus,
807 1806 1064 1856 praecedentis

325 1862 436 1908 filius,
460 1871 554 1911 101,
578 1861 668 1912 187.

272 1940 327 1949 —
345 1937 401 1946 —
419 1917 567 1962 Sextus,
620 1915 881 1966 praecedentis
939 1916 1064 1961 frater,

332 1981 422 2016 101,
446 1982 536 2015 220,
561 1980 652 2009 222.

275 2027 500 2075 Pomponia,
533 2025 592 2075 Q
618 2024 812 2064 Ciceronis
849 2036 960 2070 uxor,
1003 2022 1064 2070 26,

333 2090 423 2125 110,
447 2078 537 2119 182.

276 2135 520 2184 Pomponius,
567 2132 618 2175 T.
662 2133 833 2178 Atticus3
892 2132 1065 2172 Ciceroni

333 2192 473 2241 (mac.
494 2186 593 2239 689)
623 2187 748 2227 reditu
778 2188 858 2226 eius
886 2199 980 2237 opus
1010 2194 1066 2226 est

332 2251 496 2289 maturo,
505 2255 543 2294 43
559 2243 686 2281 Roma
695 2242 894 2292 inEpirum
905 2241 1066 2292 (?A.1J.c.

333 2297 428 2352 693)
449 2297 709 2347 proficiscitur,
726 2307 774 2335 10
789 2310 798 2342 3
829 2296 963 2334 Cicero
979 2309 1066 2335 eum

336 2362 380 2392 ut
400 2353 572 2392 celeriter
592 2353 761 2391 Romam
781 2352 908 2390 redeat
925 2352 1067 2402 (A.u.c.

334 2407 433 2460 695)
462 2414 586 2460 rogat,
618 2416 692 2457 333
730 2407 867 2446 Cicero
895 2406 998 2444 exsul
1027 2419 1066 2444 se

335 2463 447 2501 tectis
474 2463 553 2500 eius
580 2462 714 2505 credit,
733 2459 813 2512 463
844 2461 883 2498 in
911 2461 1065 2510 Epirum

337 2517 475 2568 (A.u.c.
502 2514 602 2569 696)
632 2516 769 2555 redisse
798 2515 957 2560 videtur,
989 2526 1066 2564 533

336 2573 503 2610 Romam
516 2572 633 2609 redux
651 2571 789 2621 (auc.
800 2567 895 2620 698)
909 2581 1067 2608 uxorem

336 2627 451 2672 ducit,
472 2624 548 2670 62;
578 2626 614 2663 in
645 2626 775 2664 Asiam
805 2625 943 2674 (A.u.c.
971 2624 1067 2674 700)

335 2680 594 2730 proficiscitur,
610 2687 654 2730 71
677 2693 686 2724 3
715 2680 753 2717 in
773 2679 923 2717 Italiam
939 2679 1069 2723 redux,

337 2745 403 2786 90,
416 2745 490 2773 102
507 2748 515 2779 ;
546 2735 769 2773 Ciceronem
783 2747 830 2772 ne
844 2733 1070 2782 Pompeium

338 2800 384 2827 ex
414 2789 523 2827 Italia
544 2789 753 2840 fugientem
782 2789 986 2827 comitetur
1007 2787 1072 2825 ad-

890 95 1150 133 INDEX
1200 95 1284 138 II.

1184 231 1331 271 monet,
1351 233 1538 276 153-155
1553 237 1564 271 ;
1585 237 1621 265 v.
1634 225 1750 264 etiam
1766 226 1915 266 Cicero-

1185 279 1242 317 nis
1261 280 1308 317 ad
1330 292 1419 318 eum
1440 280 1617 329 epistolas
1636 282 1787 330 passim.

1131 334 1337 382 Pomptina
1357 335 1485 383 tribus,
1511 341 1574 385 73.

1129 388 1366 438 Pomptinus,
1386 389 1446 434 C.‚
1468 399 1533 440 91,
1556 397 1648 438 105,
1673 399 1762 428 121.

1130 442 1320 488 Pontidia,
1344 441 1433 482 108.

1129 497 1298 543 Pontius,
1314 498 1359 537 L.
1379 497 1529 548 Aquila,
1554 507 1590 543 2,
1610 508 1703 550 229.

1132 552 1301 600 Porcius,
1323 552 1369 592 C.
1391 552 1504 598 Cato,
1524 563 1592 603 42,
1612 550 1762 604 59-61,
1785 559 1846 604 72.

1131 627 1187 637 --
1207 607 1264 644 M.
1286 607 1398 651 Cato,
1428 607 1633 655 censorius,
1664 618 1767 653 2123
1797 608 1920 646 ‘Cato

1187 661 1336 707 maior,’
1357 659 1551 700 Ciceronis
1571 674 1679 712 opus,
1703 671 1793 712 230.

1132 735 1188 747 -
1205 737 1261 746 —
1276 718 1344 747 —‘
1360 715 1577 762 Uticensis:
1613 724 1766 766 praetor
1797 727 1916 756 A.u.c.

1191 777 1294 820 7003
1324 770 1364 807 in
1389 770 1595 809 Lentulum
1626 778 1665 810 et
1690 771 1812 810 socios
1842 771 1920 809 eius

1187 825 1569 863 animadvertendum
1618 832 1759 871 censet,
1829 835 1920 875 205,

1190 876 1292 925 2063
1339 880 1578 930 rogationem
1621 879 1669 918 de
1705 881 1745 918 P.
1785 879 1922 919 Clodio

1187 932 1467 986 promulgatam
1496 936 1645 983 probat,
1678 943 1741 980 11,
1763 946 1810 983 cp
1846 946 1920 985 143

1188 988 1265 1026 duo
1283 996 1432 1026 senatus
1451 988 1621 1026 consulta
1642 1000 1690 1027 eo
1708 990 1923 1039 postulante

1191 1042 1292 1081 facta
1314 1049 1413 1087 sunt,
1445 1052 1523 1088 203
1553 1043 1643 1080 dicit
1664 1049 1862 1093 tamquam
1883 1044 1919 1081 in

1190 1097 1358 1135 Platonis
1382 1093 1567 1147 πολιτέιᾳ
1586 1098 1827 1143 sententiam,
1849 1107 1920 1147 253

1193 1152 1310 1189 nimia
1358 1152 1535 1190 severitas
1582 1152 1661 1190 eius
1709 1153 1855 1202 equites
1901 1165 1922 1189 a

1191 1212 1322 1244 senatu
1343 1206 1548 1252 abalienat,
1567 1206 1644 1252 ib.;
1674 1219 1822 1245 summa
1850 1206 1924 1245 fide

1192 1273 1280 1313 erga
1317 1260 1543 1300 Ciceronem
1589 1272 1709 1300 Aac.
1755 1259 1836 1312 696
1885 1274 1924 1300 se

1190 1316 1300 1366 gerit,
1316 1326 1388 1365 443
1417 1315 1732 1365 supplicationem
1749 1316 1926 1355 Ciceroni

1192 1371 1406 1421 negandam
1475 1378 1617 1414 censet,
1676 1380 1765 1420 115,
1825 1368 1923 1415 1163

1192 1424 1356 1462 Siciliam
1378 1423 1413 1462 ei
1433 1437 1454 1462 a
1475 1425 1662 1474 Pompeio
1681 1425 1923 1463 commissam

1192 1478 1328 1516 deserit
1353 1485 1443 1528 172,
1463 1487 1564 1528 1733
1594 1491 1696 1517 mors
1713 1480 1805 1524 eius,
1824 1477 1922 1523 1883

1191 1533 1342 1571 Atticus
1362 1533 1538 1571 Ciceroni
1559 1533 1672 1579 Cato,
1693 1543 1784 1584 239.

1135 1588 1311 1633 Porsena,
1336 1597 1424 1636 152.

1138 1641 1376 1687 Posidonius,
1394 1641 1656 1691 philosophus,
1678 1652 1741 1686 22,
1764 1641 1852 1691 246.

1138 1695 1348 1740 Postumia,
1375 1706 1463 1745 105,
1490 1697 1566 1736 108
1583 1710 1593 1742 3
1613 1696 1710 1735 filius
1729 1697 1820 1742 eius,
1836 1696 1922 1737 108.

1140 1751 1370 1795 Postumius,
1396 1759 1486 1800 105.

1138 1827 1194 1834 —
1212 1806 1269 1850 Ρ.,
1290 1815 1381 1855 215.

1139 1861 1356 1904 Praeneste,
1381 1859 1470 1910 187.

1139 1913 1318 1952 Preciana
1338 1913 1536 1960 h'ereditas,
1560 1925 1575 1953 1
1587 1924 1648 1953 20.

1142 1968 1336 2014 Procilius,
1360 1975 1422 2018 72.

1142 2023 1396 2068 Ptolemaeus,
1417 2023 1495 2068 xii„
1517 2022 1684 2069 Auletes,
1718 2034 1784 2061 rex
1812 2023 1927 2061 Alex-

1198 2077 1389 2122 andrinus,
1412 2084 1476 2127 27,
1497 2077 1647 2127 56-58‚
1668 2074 1732 2126 66,
1749 2075 1816 2128 67.

1142 2131 1362 2177 Ptolemais,
1384 2129 1450 2182 67.

1142 2186 1344 2231 Publicius,
1366 2185 1430 2232 Q.,
1450 2195 1517 2235 42.

1143 2240 1322 2279 Publilius
1343 2239 1503 2291 (Syrus),
1527 2239 1617 2286 218,
1640 2250 1731 2280 221.

1143 2296 1296 2345 Pupius,
1336 2294 1393 2333 M.
1430 2295 1531 2340 Piso,
1568 2307 1644 2334 cos.
1682 2307 1801 2335 A.u.c.
1836 2292 1927 2348 693,

1203 2360 1263 2394 10,
1287 2358 1348 2399 11,
1374 2359 1435 2399 14.

1145 2404 1304 2448 Puteoli,
1376 2414 1436 2449 11,
1504 2414 1606 2456 2193
1678 2404 1928 2442 Puteolanum

1201 2459 1409 2504 Ciceronis,
1433 2458 1522 2505 218,
1546 2468 1636 2509 244,
1661 2468 1748 2509 245.

1145 2568 1360 2616 Qinctius,
1380 2567 1436 2613 L.‚
1461 2576 1552 2616 123.

1145 2677 1336 2723 Rabirius,
1357 2677 1415 2722 C.‚
1438 2686 1502 2727 23.

1145 2732 1325 2826 Καόοὲὶἰυε,
1356 2731 1415 2778 L..
1443 2731 1533 2770 trib.
1566 2729 1666 2780 pleb.
1695 2727 1774 2783 698
1796 2741 1930 2775 auc..
