2040 3048
321 97 426 152 274
772 97 833 136 M.
878 96 1076 137 TULLII
1113 98 1428 138 CICERONIS
1703 87 1813 157 [Pars
1841 101 1888 139 v.
2015 0 2040 192 1

318 222 407 270 sibi
438 237 550 270 cum
574 222 644 271 M.
670 222 859 285 Lepido
895 223 1163 272 convenire.
1236 224 1592 273 Succlamatum
1629 231 1702 272 est
1734 225 1777 272 ei
1801 224 1890 272 fre-

317 312 517 366 quenter
551 319 581 351 a
615 304 843 352 militibus
876 304 1362 353 Ventidianis—nam
1412 321 1526 353 suos
1567 305 1702 353 valde
1744 320 1888 368 quam

317 400 501 447 paucos
541 384 768 444 habet—‚
806 385 1019 434 sibi'aut
1059 387 1109 434 in
1141 387 1278 436 Italia
1318 388 1619 450 pereundum
1661 402 1767 435 esse
1810 398 1892 433 aut

317 465 607 513 vincendum
625 481 637 525 ;
675 473 722 513 et
757 480 894 513 orare
931 475 1208 529 coeperunt,
1234 475 1287 516 ut
1321 468 1609 516 Pollentiam
1644 467 1733 515 iter
1766 466 1891 515 face·

318 553 435 593 rent.
508 545 634 594 Cum
671 547 904 595 sustinere
941 562 1026 595 eos
1061 563 1164 596 non
1199 558 1379 611 posset,
1405 550 1454 597 in
1479 557 1728 612 posterum
1765 549 1891 597 diem

319 627 404 675 iter
428 642 571 676 suum
595 628 810 677 contulit.
882 640 928 688 4.
966 628 1077 678 Hac
1101 645 1152 677 re
1176 631 1293 678 mihi
1317 631 1537 679 nuntiata
1568 631 1728 679 statim
1753 631 1891 694 quin-

318 725 412 772 que
445 710 669 758 cohortes
694 709 980 758 Pollentiam
1013 711 1240 775 praemisi
1275 728 1535 776 meumque
1564 713 1654 761 iter
1683 728 1744 761 eo
1776 727 1890 761 con·

319 791 430 838 tuli:
468 790 587 838 hora
622 799 732 839 ante
768 791 1058 853 praesidium
1094 807 1258 840 meum
1283 792 1567 841 Pollentiam
1590 794 1718 841 venit
1747 808 1891 856 quam

319 872 586 920 Trebellius
622 888 735 920 cum
771 873 1023 936 equitibus.
1099 873 1227 922 Sane
1262 890 1410 938 quam
1446 890 1552 923 sum
1588 877 1807 939 gavisus;
1844 875 1891 922 in

318 954 411 1002 hoc
447 954 577 1002 enim
605 954 853 1002 victoriam
890 962 1008 1017 puto
1044 957 1320 1005 consistere.
1391 956 1450 1004 In
1488 973 1626 1020 spem
1650 965 1892 1014 venerant,

319 1035 451 1098 quod
474 1050 632 1099 neque
659 1035 822 1084 Planci
848 1045 1072 1099 quattuor
1095 1037 1313 1100 legiones
1345 1040 1575 1088 omnibus
1610 1040 1708 1088 suis
1742 1040 1895 1103 copiis

319 1131 457 1180 pares
482 1117 832 1164 arbitrabantur
851 1133 1010 1181 neque
1034 1134 1095 1166 ex
1116 1119 1252 1168 Italia
1276 1127 1377 1168 tam
1402 1121 1615 1169 celeriter
1633 1122 1892 1169 exercitum

317 1198 466 1247 traiici
490 1213 635 1260 posse
661 1197 933 1247 credebant.
1008 1198 1150 1258 Quos
1169 1201 1259 1264 ipsi
1285 1201 1442 1250 adhuc
1467 1203 1580 1250 satis
1605 1202 1895 1265 adroganter

320 1280 611 1342 Allobroges
647 1280 984 1343 equitatusque
1021 1282 1196 1340 omnis,
1223 1283 1304 1346 qui
1332 1298 1391 1332 eo
1417 1284 1708 1347 praemissus
1744 1291 1843 1331 erat
1867 1298 1896 1330 a

320 1362 474 1419 nobis,
517 1360 832 1421 sustinebant,
875 1370 1142 1425 nostroque
1189 1365 1399 1412 adventu
1446 1366 1666 1413 sustineri
1712 1365 1894 1413 facilius

322 1458 464 1507 posse
500 1443 801 1492 confidimus,
872 1443 1079 1502 Tamen,
1106 1444 1145 1492 si
1169 1459 1267 1506 quo
1303 1447 1447 1494 etiam
1482 1462 1598 1495 casu
1622 1446 1807 1495 Isaram
1843 1461 1894 1494 se

322 1525 602 1582 traiecerint,
627 1540 689 1572 ne
719 1526 853 1588 quod
889 1525 1229 1574 detrimentum
1264 1528 1332 1575 rei
1369 1528 1591 1590 publicae
1627 1528 1892 1590 iniungant,

322 1622 511 1655 summa
535 1623 563 1655 a
587 1607 728 1655 nobis
754 1607 943 1655 dabitur
966 1622 1126 1669 opera.
1201 1620 1244 1669 5.
1281 1608 1388 1656 Vos
1413 1624 1647 1671 magnum
1679 1611 1894 1657 animum

322 1690 652 1752 optimamque
689 1704 826 1751 spem
860 1689 920 1737 de
957 1704 1145 1737 summa
1169 1705 1219 1737 re
1244 1690 1436 1752 publica
1459 1690 1637 1739 habere
1660 1692 1895 1750 volumus,

323 1786 433 1820 cum
485 1779 533 1819 et
579 1786 670 1819 nos
719 1779 765 1819 et
812 1771 1049 1819 exercitus
1108 1779 1302 1819 nostros
1361 1772 1588 1835 singulari
1636 1774 1897 1821 concordia

324 1854 608 1902 coniunctos
655 1853 718 1901 ad
765 1854 931 1901 omnia
971 1867 1060 1915 pro
1098 1854 1234 1901 vobis
1272 1854 1472 1902 videatis
1518 1861 1727 1917 paratos.
1799 1854 1896 1904 Sed

323 1945 483 1984 tamen
511 1935 626 1982 nihil
658 1934 719 1982 de
757 1934 1000 1997 diligentia
1035 1934 1271 1982 remittere
1308 1935 1493 1983 debetis
1529 1936 1740 1998 dareque
1776 1951 1894 1999 ope-

322 2033 437 2075 ram,
462 2026 514 2064 ut
538 2031 686 2079 quam
710 2015 998 2079 paratissimi
1023 2023 1070 2063 et
1092 2016 1155 2062 ab
1184 2016 1396 2063 exercitu
1427 2016 1718 2079 reliquisque
1753 2018 1896 2065 rebus

318 2113 408 2162 pro
440 2107 598 2146 vestra
633 2097 784 2146 salute
820 2105 989 2145 contra
1025 2096 1443 2144 sceleratissimam
1482 2098 1893 2159 conspirationem

319 2179 529 2228 hostium
571 2179 924 2241 confligamus;
962 2177 1043 2240 qui
1079 2177 1276 2240 quidem
1314 2193 1395 2226 eas
1437 2179 1618 2240 copias,
1657 2194 1777 2241 quas
1813 2179 1895 2227 diu

320 2261 620 2310 simulatione
661 2261 729 2309 rei
769 2261 988 2323 publicae
1025 2260 1388 2322 comparabant,
1422 2261 1579 2308 subito
1615 2260 1678 2308 ad
1713 2261 1894 2324 patriae

319 2344 582 2405 periculum
608 2351 955 2392 converterunt.

2036 239 2040 246 ι
