2040 3048
139 133 210 185 Ep.
237 117 326 192 31.]
520 127 704 168 EPIST.
743 127 824 166 AD
861 126 1135 166 ATTICUM
1175 128 1220 169 V.
1259 132 1340 167 11.
1647 132 1708 185 91

138 258 337 319 flagrem
375 254 613 303 desiderio
649 253 791 310 urbis,
828 267 975 314 quam
1013 252 1089 299 vix
1126 251 1297 300 harum
1334 266 1491 298 rerum
1531 251 1717 300 insulsi-

138 348 283 387 tatem
323 337 485 386 feram.
567 352 608 383 2.
653 334 910 381 Marcellus
947 333 1089 381 foede
1127 334 1174 380 in
1213 332 1478 380 Comensi:
1518 335 1604 381 etsi
1642 334 1717 382 ille

137 421 466 483 magistratum
526 431 628 464 non
686 415 900 477 gesserit,
949 423 1048 462 erat
1108 423 1271 462 tamen
1320 413 1716 477 Transpadanus.

136 503 210 550 Ita
235 501 350 548 mihi
374 500 556 547 videtur
580 513 681 545 non
706 498 865 543 minus
892 497 1130 544 stomachi
1154 505 1320 545 nostro
1356 513 1494 559 quam
1521 495 1715 544 Caesari

110 584 337 642 -fecisse3
377 581 461 630 sed
494 581 587 628 hoc
617 581 720 643 ipse
751 579 932 626 viderit.
1008 595 1050 640 3.
1089 578 1354 642 Pompeius
1380 578 1494 625 mihi
1520 593 1716 641 quoque

135 666 395 723 videbatur,
433 663 566 726 quod
606 661 772 710 scribis
811 660 1085 708 Varronem
1125 661 1298 718 dicere,
1338 661 1386 707 in
1426 659 1718 722 Hispaniam

137 756 263 796 certe
320 749 500 794 iturus:
561 746 609 794 id
666 759 760 807 ego
813 744 1011 790 minime
1059 745 1344 806 probabam,
1393 743 1474 805 qui
1522 742 1719 804 quidem

138 815 431 893 Theophani
472 827 612 877 facile
647 827 864 890 persuasi
901 825 1019 873 nihil
1054 840 1160 873 esse
1196 825 1367 874 melius
1404 839 1551 888 quam
1588 824 1721 871 illum

137 926 379 975 nusquam
399 909 658 958 discedere.
729 907 862 970 Ergo
884 907 1105 956 Graecus
1124 908 1389 967 incumbet3
1415 906 1539 954 valet
1559 914 1720 953 autem

138 994 395 1042 auctoritas
442 993 544 1040 eius
591 991 723 1054 apud
764 991 895 1039 illum
935 990 1212 1053 plurimum.
1285 1005 1330 1048 4.
1368 988 1477 1051 Ego
1519 988 1606 1035 has
1650 1003 1719 1050 pr.

139 1076 312 1125 Nonas
333 1074 601 1135 Quinctiles
620 1074 936 1136 proficiscens
955 1072 1162 1120 Athenis
1184 1071 1308 1130 dedi,
1327 1086 1438 1119 cum
1458 1071 1522 1117 ibi
1550 1070 1721 1118 decern

138 1161 270 1222 ipsos
306 1158 504 1206 fuissem
543 1157 658 1205 dies.
734 1156 948 1203 Venerat
983 1155 1297 1217 Pomptinus;
1342 1169 1440 1201 una
1478 1153 1567 1203 Cn.
1602 1153 1722 1201 Vol-

138 1242 285 1299 usius,
303 1240 466 1288 aderat
485 1247 713 1302 quaestor
727 1256 739 1299 ;
766 1246 875 1286 tuus
893 1253 1020 1286 unus
1037 1237 1225 1285 Tullius
1245 1238 1422 1284 aberat.
1471 1236 1723 1298 Aphracta

140 1322 442 1370 Rhodiorum
469 1330 516 1370 et
541 1321 723 1369 dicrota
750 1320 1154 1383 Mytilenaeorum
1187 1319 1429 1366 habebam
1460 1326 1507 1366 et
1543 1318 1723 1380 aliquid

140 1407 371 1452 ἐπικὼπων.
444 1403 521 1451 De
548 1403 734 1450 Parthis
766 1410 865 1450 erat
901 1402 1156 1449 silentium.
1231 1399 1381 1459 Quod
1415 1408 1648 1462 superest,
1676 1401 1723 1448 di

138 1489 328 1536 iuvent!
414 1498 457 1547 5.
496 1485 603 1533 Nos
641 1485 798 1533 adhuc
834 1485 921 1532 iter
957 1499 1043 1546 per
1081 1482 1338 1531 Graeciam
1378 1497 1570 1529 summa
1612 1498 1722 1530 cum

138 1569 454 1619 admiratione
492 1567 707 1625 fecimus,
746 1583 837 1615 nec
875 1565 1149 1614 mehercule
1187 1565 1347 1613 habeo
1387 1566 1522 1628 quod
1565 1564 1722 1613 adhuc

139 1668 286 1718 quern
339 1666 567 1699 accusem
625 1665 876 1698 meorum:
936 1649 1155 1696 videntur
1202 1648 1320 1695 mihi
1369 1663 1516 1695 nosse
1568 1643 1718 1715 [nos‚]

138 1743 354 1784 nostram
381 1748 577 1782 causam
602 1741 649 1780 et
675 1732 1019 1780 condicionem
1043 1730 1359 1794 profectionis
1397 1746 1538 1790 suae3
1579 1730 1722 1792 plane

139 1818 346 1867 serviunt
385 1815 725 1863 existimationi
768 1829 921 1862 meae.
994 1812 1144 1873 Quod
1194 1821 1426 1876 superest,
1467 1813 1507 1861 si
1554 1827 1721 1860 verum

139 1900 254 1948 illud
279 1907 350 1947 est
375 1898 522 1958 οἵαπερ
551 1898 576 1955 ἡ
610 1898 826 1955 δέσποινα,
853 1904 980 1944 certe
1015 1895 1402 1958 permanebunt3
1441 1895 1557 1942 nihil
1593 1894 1723 1942 enim

139 1999 167 2031 a
190 1997 269 2030 me
300 1980 400 2028 fieri
433 1981 496 2027 ita
528 1980 771 2034 videbunt,
798 1986 850 2026 ut
882 1978 970 2027 sibi
1006 1978 1065 2026 sit
1103 1978 1415 2040 delinquendi
1443 1977 1608 2025 locus:
1648 1977 1722 2025 sin

138 2066 184 2113 id
228 2078 398 2127 parum
438 2061 685 2125 profuerit,
726 2061 804 2109 fiet
846 2061 1027 2124 aliquid
1069 2076 1098 2108 a
1135 2060 1277 2108 nobis
1316 2060 1554 2118 severius;
1607 2075 1721 2106 nam

140 2147 296 2196 adhuc
342 2144 534 2192 lenitate
584 2143 749 2191 dulces
798 2158 965 2191 sumus
1013 2151 1074 2202 et,
1124 2152 1176 2190 ut
1234 2159 1391 2206 spero,
1440 2141 1719 2206 proficimus

140 2230 449 2291 aliquantum.
522 2226 618 2274 Sed
655 2241 748 2288 ego
785 2225 925 2283 hanc,
963 2233 1015 2273 ut
1059 2225 1204 2273 Siculi
1249 2226 1428 2283 dicunt,
1466 2226 1632 2282 ἀνεξίαν
1675 2224 1723 2270 in

140 2326 290 2359 unum
315 2324 498 2357 annum
528 2307 783 2356 meditatus
818 2323 956 2356 sum:
994 2308 1199 2370 proinde
1233 2323 1413 2370 pugna,
1440 2323 1516 2366 ne,
1544 2308 1582 2355 si
1608 2307 1724 2369 quid

141 2400 454 2456 prorogatum
488 2392 559 2450 sit,
587 2391 737 2453 turpis
768 2391 998 2438 inveniar.
1072 2391 1114 2437 6.
1157 2387 1302 2438 Nunc
1336 2390 1483 2437 redeo
1510 2389 1574 2436 ad
1598 2404 1722 2451 quae

142 2475 257 2523 mihi
298 2474 532 2521 mandas:
570 2472 603 2530 †
640 2473 689 2519 in
731 2472 983 2535 praefectis
1022 2473 1269 2520 excusatio
1308 2472 1379 2531 iis,
1419 2486 1541 2534 quos
1576 2470 1721 2529 voles,

144 2557 353 2606 deserto:
401 2570 502 2603 non
544 2569 627 2603 ero
666 2562 765 2602 tam
806 2557 1027 2616 μετέωρος,
1071 2568 1218 2615 quam
1259 2554 1309 2600 in
1350 2553 1598 2616 Appuleio
1640 2551 1721 2601 fui.

143 2638 402 2687 Xenonem
438 2645 536 2685 tam
573 2637 720 2699 diligo
755 2651 901 2699 quam
934 2643 998 2694 tu,
1026 2635 1159 2698 quod
1193 2636 1353 2698 ipsum
1387 2635 1558 2686 sentire
1592 2643 1721 2683 certo

145 2720 259 2769 scio.
330 2718 478 2782 Apud
510 2719 767 2768 Patronem
801 2727 846 2766 et
879 2718 1090 2780 reliquos
1122 2718 1331 2765 barones
1365 2726 1410 2765 te
1436 2717 1485 2763 in
1508 2718 1720 2766 maxima

144 2802 295 2864 gratia
327 2802 482 2863 posui,
509 2810 555 2850 et
586 2801 779 2850 hercule
812 2801 984 2849 merito
1019 2808 1103 2848 tuo
1137 2799 1255 2857 feci;
1293 2814 1406 2847 nam
1438 2798 1555 2846 mihi
1586 2799 1714 2847 ister
