2040 3048
325 78 424 131 262
789 88 850 127 M.
897 87 1098 125 TULLII
1134 86 1447 126 CICERONIS
1711 74 1823 143 [Pars
1848 86 1896 125 v.

321 213 542 261 evenerit.
617 212 733 268 Res,
773 227 884 259 cum
923 211 1043 259 haec
1092 212 1376 267 scribebam,
1413 217 1515 257 erat
1549 210 1598 256 in
1633 218 1898 258 extremum
1952 228 1955 229 ⁷

321 295 530 342 adducta
552 294 838 352 discrimem
878 293 1056 340 Brutus
1083 293 1211 341 enim
1237 291 1455 340 Mutinae
1480 292 1557 338 vix
1578 292 1674 339 iam
1699 293 1899 340 sustine-

321 377 429 423 bat:
467 376 549 438 qui
575 375 613 422 si
639 383 950 423 conservatus
984 375 1085 432 erit,
1113 375 1343 442 vicimus3
1382 373 1659 435 sin—quod
1683 373 1731 421 di
1754 388 1899 421 omen

321 465 534 505 avertant
553 458 647 515 !—,
669 457 831 504 omnis
868 457 1087 504 omnium
1126 470 1292 505 cursus
1320 464 1393 504 est
1427 454 1489 503 ad
1520 469 1622 503 vos,
1693 453 1900 502 Proinde

322 538 397 586 fac
421 539 638 586 animum
665 546 853 586 tantum
877 537 1060 586 habeas
1085 546 1368 600 tantumque
1393 544 1692 599 apparatum,
1718 544 1901 599 quanto
1944 584 1947 587 Α

321 634 447 682 opus
494 628 569 668 est
617 619 679 667 ad
726 620 999 668 universam
1044 634 1147 666 rem
1205 619 1450 682 publicam
1506 618 1900 680 recuperandam.

318 701 452 750 Vale.

650 837 758 880 135.
830 832 924 880 AD
959 831 1380 879 FAMILIARES
1417 831 1476 878 X.
1517 846 1595 891 30.

377 926 490 976 ScR.
531 943 582 975 IN
617 942 810 975 CASTRIS
846 943 910 975 AD
947 925 1193 975 MUTINAM
1228 942 1273 974 Α.
1298 942 1343 976 D.
1382 942 1475 974 xvr.
1513 925 1644 975 ΚΑΙ..
1682 926 1845 975 MArAs

967 1024 1103 1058 A.U.c.
1145 1020 1256 1070 711.

831 1115 990 1148 GALBA
1026 1115 1251 1148 CICERONI
1285 1115 1388 1148 SAL.

392 1213 429 1243 1.
470 1195 529 1244 A.
566 1211 608 1243 D.
653 1211 765 1243 xv11.
807 1195 914 1243 Kal.
954 1195 1124 1252 Maias,
1163 1211 1262 1258 quo
1311 1196 1386 1244 die
1435 1196 1594 1243 Pansa
1633 1195 1683 1242 in
1730 1195 1895 1243 castris

319 1277 462 1325 Hirtii
498 1286 599 1324 erat
634 1276 832 1334 futurus,
861 1293 972 1324 cum
1009 1293 1107 1340 quo
1145 1293 1240 1340 ego
1276 1293 1592 1325 eram—nam
1625 1277 1669 1324 ei
1704 1278 1896 1324 obviam

319 1374 650 1422 processeram
686 1359 816 1406 milia
840 1375 1076 1421 passuum
1102 1369 1313 1418 centum,
1340 1374 1437 1423 quo
1461 1360 1693 1407 maturius
1716 1360 1896 1406 veniret

316 1469 398 1499 —,
423 1441 667 1488 Antonius
705 1440 922 1502 legiones
955 1442 1119 1489 eduxit
1151 1442 1289 1499 duas,
1315 1442 1583 1490 secundam
1607 1448 1654 1487 et
1679 1441 1895 1502 quintam

320 1523 646 1571 tricensimam
689 1531 736 1569 et
780 1522 1005 1570 cohortes
1053 1523 1316 1585 praetorias
1364 1524 1498 1580 duas,
1547 1537 1697 1570 unam
1744 1537 1895 1580 suam,

319 1604 518 1652 alteram
557 1602 720 1661 Silani,
759 1609 803 1650 et
832 1613 1140 1652 evocatorum
1177 1613 1400 1667 partem:
1442 1605 1507 1651 ita
1542 1604 1734 1651 obviam
1769 1604 1898 1651 venit

318 1686 474 1743 nobis,
502 1684 635 1747 quod
659 1700 752 1732 nos
787 1692 1012 1748 quattuor
1043 1685 1261 1748 legiones
1293 1686 1503 1734 tironum
1539 1685 1716 1733 habere
1740 1685 1895 1732 solum

317 1766 645 1812 arbitrabatur.
720 1765 817 1813 Sed
846 1774 1009 1824 noctu,
1037 1781 1135 1827 quo
1168 1767 1314 1815 tutius
1345 1768 1506 1814 venire
1530 1766 1579 1813 in
1604 1774 1760 1814 castra
1782 1781 1895 1828 pos-

318 1862 494 1905 semus,
532 1847 775 1910 legionem
812 1846 1053 1905 Martiam,
1089 1849 1164 1895 cui
1202 1863 1295 1910 ego
1331 1862 1557 1910 praeesse
1594 1847 1824 1904 solebam,
1851 1855 1897 1894 et

318 1928 437 1975 duas
463 1928 688 1976 cohortes
718 1930 981 1990 praetorias
1014 1930 1209 1976 miserat
1244 1930 1431 1977 Hirtius
1456 1929 1614 1976 nobis.
1691 1946 1731 1976 2.
1771 1927 1896 1977 Cum

317 2010 504 2072 equites
530 2011 730 2057 Antonii
755 2011 1102 2073 apparuissent,
1124 2012 1359 2059 contineri
1385 2026 1546 2072 neque
1569 2011 1697 2073 legio
1723 2010 1898 2057 Martia

319 2106 477 2153 neque
514 2091 738 2139 cohortes
774 2092 1043 2153 praetoriae
1081 2100 1371 2154 potuerunt3
1409 2107 1531 2154 quas
1565 2092 1700 2154 sequi
1736 2092 1897 2153 coepi-

318 2188 428 2220 mus
487 2173 656 2230 coacti,
715 2173 946 2234 quoniam
1005 2174 1209 2221 retinere
1266 2189 1372 2228 eas,
1410 2188 1512 2220 non
1570 2181 1895 2235 potueramus.

319 2254 560 2301 Antonius
606 2254 669 2301 ad
715 2253 899 2301 Forum
943 2252 1194 2302 Gallorum
1244 2270 1357 2302 suas
1405 2255 1571 2317 copias
1620 2254 1898 2301 continebat

318 2351 477 2398 neque
503 2336 611 2383 sciri
636 2335 827 2383 volebat
852 2350 903 2383 se
928 2335 1147 2397 legiones
1173 2336 1348 2383 habere
1368 2353 1380 2396 3
1419 2345 1608 2384 tantum
1633 2336 1895 2397 equitatum

319 2426 367 2465 et
410 2418 564 2465 levem
604 2425 894 2465 armaturam
931 2418 1232 2466 ostendebat.
1302 2418 1479 2466 Postea
1517 2433 1662 2481 quam
1700 2417 1815 2465 vidit
1847 2433 1897 2464 se

321 2499 470 2547 invito
507 2498 751 2561 legionem
787 2499 854 2546 ire
892 2498 1067 2557 Pansa,
1094 2500 1231 2561 sequi
1270 2514 1321 2547 se
1359 2501 1478 2547 duas
1513 2500 1731 2561 legiones
1765 2499 1898 2546 iussit

322 2580 547 2627 tironum.
638 2578 812 2626 Postea
860 2594 1007 2641 quam
1054 2580 1301 2641 angustias
1348 2580 1537 2643 paludis
1583 2588 1630 2628 et
1676 2579 1897 2626 silvarum

323 2661 612 2718 transiimus,
639 2660 766 2708 acies
799 2669 872 2708 est
907 2661 1136 2709 instructa
1160 2676 1190 2708 a
1213 2662 1355 2709 nobis
1379 2677 1459 2710 xn.
1485 2660 1784 2718 cohortium;
1852 2675 1895 2721 3.

324 2742 544 2789 nondum
582 2750 811 2789 venerant
859 2742 1079 2803 legiones
1122 2743 1276 2790 duae:
1324 2751 1521 2805 repente
1563 2742 1804 2804 Antonius
1849 2742 1895 2789 in

2027 2296 2040 2408 j,

2032 2414 2040 2536 i

2029 2540 2040 2635 l
