2040 3048
188 150 258 201 Ep.
279 148 345 201 98,
367 136 466 205 99.]
517 145 706 186 EPIST.
737 145 819 184 AD
856 145 1231 184 FAMILIARES
1267 145 1349 185 ιν.
1378 135 1429 185 6.
1664 148 1762 187 211

191 286 383 342 tempus
409 278 493 326 tibi
518 285 655 341 turpe
681 285 754 325 est
779 291 836 326 ac
862 291 964 325 non
993 277 1036 325 ei
1061 277 1127 325 rei
1152 276 1386 340 sapientia
1409 283 1492 324 tua
1523 284 1570 323 te
1603 290 1769 323 occur-

188 377 305 409 rere.
379 360 531 420 Quod
556 361 595 409 si
620 361 703 423 qui
728 360 870 408 etiam
899 359 1063 409 inferis
1088 375 1258 409 sensus
1283 367 1370 417 est,
1397 359 1478 422 qui
1503 357 1625 406 illius
1649 357 1700 404 in
1723 365 1770 404 te

189 457 327 491 amor
352 442 440 490 fuit
463 442 712 506 pietasque
738 441 788 488 in
815 456 991 490 omnes
1017 457 1146 496 suos,
1167 442 1262 490 hoc
1288 449 1415 490 certe
1439 440 1518 488 illa
1542 448 1588 488 te
1613 439 1770 488 facere

189 537 291 570 non
309 520 421 569 volt.
493 519 572 568 Da
590 520 685 569 hoc
709 520 774 568 illi
799 529 1019 570 mortuae
1039 538 1050 581 ;
1078 522 1141 570 da
1166 521 1336 570 ceteris
1361 521 1531 568 amicis
1557 535 1614 569 ac
1633 519 1766 568 fami-

188 603 397 660 liaribus,
435 603 518 666 qui
552 610 636 650 tuo
674 602 843 651 dolore
879 611 1099 651 maerent
1115 619 1127 663 ;
1168 603 1230 651 da
1266 603 1458 665 patriae,
1495 610 1561 661 ut,
1600 602 1639 651 si
1675 616 1770 664 qua

190 686 238 733 in
261 701 312 733 re
344 700 469 749 opus
496 685 568 743 sit,
594 700 745 748 opera
777 694 824 734 et
855 686 1058 734 consilio
1085 694 1168 733 tuo
1199 686 1267 733 uti
1291 685 1458 748 possit.
1529 684 1772 747 Denique,

188 767 420 830 quoniam
455 766 506 813 in
543 781 651 814 eam
677 765 925 814 fortunam
963 767 1256 826 devenimus,
1290 774 1343 814 ut
1378 767 1523 815 etiam
1559 766 1669 814 huic
1704 765 1772 813 rei

187 849 328 896 nobis
375 847 681 896 serviendum
723 849 797 907 sit,
839 848 939 897 noli
986 848 1288 897 committere
1329 856 1381 896 ut
1423 848 1683 911 quisquam
1725 855 1772 896 te

186 939 322 995 putet
369 946 470 979 non
518 938 618 978 tam
667 931 814 979 filiam
864 947 1012 994 quam
1070 932 1139 979 rei
1187 931 1407 994 publicae
1454 939 1676 994 tempora
1725 938 1774 978 et

187 1013 392 1061 aliorum
427 1013 678 1062 victoriam
720 1013 899 1075 lugere.
971 1013 1114 1061 Plura
1161 1028 1240 1061 me
1283 1013 1346 1060 ad
1392 1020 1439 1060 te
1487 1012 1548 1060 de
1588 1011 1681 1060 hac
1722 1027 1773 1060 re

188 1094 397 1143 scribere
433 1094 595 1158 pudet,
629 1110 691 1143 ne
728 1095 892 1143 videar
927 1095 1211 1158 prudentiae
1248 1103 1359 1143 tuae
1395 1093 1639 1154 diffidere;
1677 1109 1774 1157 qua

187 1191 252 1234 re,
295 1177 335 1224 si
381 1176 476 1225 hoc
523 1191 676 1224 unum
725 1191 1042 1239 proposuero,
1086 1177 1235 1224 finem
1278 1176 1455 1224 faciam
1502 1174 1771 1223 scribendi:

188 1257 394 1306 vidimus
427 1257 718 1321 aliquotiens
753 1258 1021 1307 secundam
1051 1259 1370 1322 pulcherrime
1402 1266 1450 1306 te
1475 1257 1597 1306 ferre
1622 1257 1773 1305 fortu-

189 1355 305 1388 nam
346 1355 673 1403 magnamque
717 1356 778 1388 ex
821 1356 878 1389 ea
920 1357 971 1389 re
1012 1349 1060 1389 te
1101 1341 1297 1389 laudem
1339 1341 1522 1403 apisci;
1573 1339 1648 1388 fac
1691 1339 1773 1387 ali-

190 1423 388 1486 quando
430 1423 765 1485 intellegamus
813 1423 1068 1471 adversam
1111 1437 1307 1486 quoque
1355 1430 1402 1470 te
1449 1437 1602 1484 aeque
1651 1420 1773 1469 ferre

188 1520 335 1569 posse
371 1520 531 1568 neque
563 1505 613 1552 id
649 1505 819 1564 maius,
846 1520 994 1568 quam
1031 1505 1217 1563 debeat,
1245 1505 1330 1552 tibi
1366 1519 1492 1552 onus
1523 1503 1685 1562 videri,
1711 1519 1773 1551 ne

189 1602 249 1634 ex
297 1586 526 1634 omnibus
573 1586 824 1634 virtutibus
870 1586 993 1634 haec
1039 1602 1139 1634 una
1194 1586 1279 1633 tibi
1326 1585 1541 1634 videatur
1588 1585 1773 1634 deesse.

190 1667 340 1727 Quod
381 1667 443 1717 ad
483 1683 563 1715 me
605 1669 785 1727 attinet,
831 1684 943 1716 cum
985 1677 1033 1716 te
1081 1667 1406 1731 tranquilliore
1454 1668 1619 1715 animo
1667 1682 1773 1716 esse

190 1764 423 1812 cognoro,
451 1750 511 1797 de
536 1749 592 1798 iis
616 1750 773 1809 rebus,
801 1765 926 1812 quae
951 1739 1029 1798 hic
1066 1757 1310 1812 geruntur,
1337 1749 1775 1812 quemadmodum-

192 1846 287 1894 que
312 1847 363 1880 se
388 1832 638 1895 provincia
660 1831 851 1890 habeat,
878 1832 1130 1880 certiorem
1155 1831 1346 1880 faciam.
1417 1830 1554 1880 Vale.

527 1967 606 2011 99.
678 1963 773 2011 AD
810 1963 1233 2012 FAMILIARES
1271 1962 1356 2011 IV.
1399 1965 1441 2011 6.

424 2058 533 2108 SCR.
571 2060 809 2109 ASTURAE
846 2076 1003 2108 MENSE
1038 2060 1217 2109 APRILI
1251 2075 1395 2110 A.U.c.
1435 2071 1546 2123 709.

594 2165 649 2197 M.
675 2165 848 2198 emmo
884 2165 920 2198 s.
947 2166 994 2198 D.
1020 2165 1119 2198 SER.
1146 2164 1376 2198 suLP1C1o.

267 2262 305 2296 1.
343 2245 451 2295 Eoo
475 2262 605 2306 vero,
634 2247 781 2305 Servi,
807 2248 993 2307 vellem,
1019 2255 1072 2295 ut
1109 2247 1292 2305 scribis,
1319 2247 1368 2294 in
1403 2262 1516 2295 meo
1553 2248 1775 2310 gravissi-

193 2343 277 2377 mo
302 2343 419 2376 casu
444 2328 707 2378 adfuisses:
746 2338 983 2393 quantum
1012 2330 1144 2377 enim
1175 2344 1406 2391 praesens
1438 2344 1517 2377 me
1551 2329 1775 2379 adiuvare

194 2409 408 2472 potueris
450 2418 498 2458 et
540 2412 846 2461 consolando
890 2421 938 2460 et
979 2426 1132 2474 prope
1176 2426 1328 2474 aeque
1372 2411 1599 2471 dolendo,
1637 2411 1776 2461 facile

196 2507 256 2539 ex
292 2505 353 2538 eo
387 2490 629 2557 intellego,
656 2494 791 2556 quod
820 2493 986 2541 litteris
1022 2492 1156 2541 lectis
1193 2493 1491 2554 aliquantum
1527 2492 1775 2556 acquievi3

195 2588 311 2621 nam
343 2579 389 2619 et
413 2587 471 2620 ea
503 2576 745 2638 scripsisti,
772 2591 896 2638 quae
922 2575 1076 2622 levare
1101 2574 1285 2622 luctum
1310 2582 1525 2637 possent,
1552 2582 1599 2622 et
1621 2575 1673 2623 in
1696 2591 1775 2624 me

197 2653 498 2705 consolando
540 2673 641 2705 non
689 2658 988 2705 mediocrem
1030 2656 1133 2719 ipse
1181 2656 1328 2703 animi
1378 2656 1598 2704 dolorem
1640 2659 1776 2707 adhi-

196 2738 353 2786 buisti.
431 2736 622 2787 Servius
668 2747 830 2786 tamen
882 2747 991 2787 tuus
1040 2738 1265 2786 omnibus
1313 2738 1496 2797 officiis,
1539 2755 1664 2803 quae
1710 2743 1775 2790 illi

197 2820 405 2883 tempori
454 2820 593 2888 tribui
641 2829 913 2883 potuerunt,
957 2820 1214 2869 declaravit
1256 2829 1302 2871 et
1345 2822 1511 2884 quanti
1553 2823 1657 2887 ipse
1695 2839 1774 2873 me

939 2913 968 2950 Ῥ
994 2915 1020 2950 2
