2040 3048
313 140 416 196 232
632 151 634 153 ·
754 138 841 181 M.
885 139 1080 178 TULLII
1117 139 1434 179 CICERONIS
1701 127 1812 196 [Pars
1835 141 1886 180 v.

311 268 645 326 commissum,
683 269 816 330 quod
859 278 984 317 esset
1022 269 1231 317 alienum
1273 277 1440 318 nostra
1480 269 1701 326 amicitia,
1738 269 1888 317 credi-

313 349 470 398 disse:
493 352 622 397 'nam
648 358 838 413 praeter
862 350 996 410 haec,
1013 366 1137 414 quae
1162 351 1550 409 commemoravi,
1571 366 1694 413 quae
1720 359 1890 399 testata

311 439 422 478 sunt
459 439 506 478 et
545 431 755 490 illustria,
781 432 939 480 habeo
977 433 1129 480 multa
1169 433 1445 492 occultiora,
1471 447 1595 495 quae
1620 433 1697 480 vix
1734 433 1888 481 verbis

311 513 512 575 exsequi
536 528 754 576 possum.
831 513 1011 562 Omnia
1046 530 1125 563 me
1162 523 1245 562 tua
1281 515 1531 573 delectant,
1558 515 1644 562 sed
1679 515 1888 562 maxime

315 591 572 662 [maxima]
605 611 717 644 cum
749 596 869 643 fides
901 597 951 643 in
983 597 1205 654 amicitia,
1231 597 1501 655 consilium,
1528 597 1745 659 gravitas,
1772 611 1887 644 con-

312 677 503 735 stantia,
528 685 630 725 tum
646 676 806 740 lepos,
833 676 1120 736 humanitas,
1141 678 1337 726 litterae,
1408 677 1719 741 Quapropter
1741 678 1888 726 redeo

311 773 441 806 nunc
479 761 541 808 ad
570 760 831 822 querelam.
906 772 949 821 7.
987 759 1098 822 Ego
1135 764 1180 807 te
1219 759 1500 822 suffragium
1532 759 1694 807 tulisse
1730 760 1780 806 in
1812 759 1889 808 illa

309 839 414 903 lege
453 841 662 902 primum
708 856 810 889 non
846 842 1057 901 credidi,
1095 841 1284 898 deinde,
1318 841 1358 888 si
1393 841 1719 899 credidissem,
1750 857 1887 888 num-

309 937 458 984 quam
494 922 543 969 id
578 922 681 969 sine
719 922 879 985 aliqua
914 922 1040 970 iusta
1078 937 1223 970 causa
1259 922 1583 970 existimarem
1619 931 1665 970 te
1703 921 1886 971 fecisse.

309 1002 534 1066 Dignitas
582 1012 664 1051 tua
712 1003 837 1061 facit,
880 1012 931 1051 ut
979 1003 1395 1061 animadvertatur,
1436 1003 1666 1066 quicquid
1712 1003 1884 1063 facias3

310 1085 645 1133 malevolentia
679 1093 843 1133 autem
866 1084 1134 1143 hominum,
1161 1093 1214 1132 ut
1245 1099 1347 1133 non
1379 1079 1509 1132 nulla
1539 1085 1713 1144 durius,
1739 1100 1886 1147 quam

311 1182 340 1213 a
383 1175 427 1214 te
470 1166 593 1214 facta
635 1167 744 1225 sint,
785 1166 1113 1229 proferantur:
1168 1182 1227 1214 ea
1262 1175 1315 1214 tu
1356 1167 1396 1216 si
1437 1182 1540 1214 non
1580 1166 1730 1225 audis,
1769 1166 1886 1229 quid

312 1248 472 1296 dicam
509 1249 705 1308 nesci03
743 1248 983 1311 equidem,
1018 1248 1057 1296 si
1094 1249 1290 1312 quando
1326 1248 1487 1307 audio,
1524 1256 1623 1296 tam
1661 1249 1882 1306 defendo,

310 1344 457 1392 quam
489 1345 568 1378 me
606 1330 707 1378 scio
741 1346 770 1377 a
800 1339 848 1379 te
886 1338 1054 1378 contra
1086 1331 1280 1394 iniquos
1312 1345 1450 1379 meos
1487 1331 1640 1379 solere
1677 1330 1884 1379 defendi.

309 1411 544 1460 Defensio
568 1420 729 1460 autem
753 1420 826 1459 est
850 1412 1056 1474 duplex:
1094 1413 1187 1460 alia
1211 1421 1336 1471 sunt,
1356 1427 1481 1475 quae
1499 1413 1682 1475 liquido
1707 1427 1884 1475 negare

309 1493 507 1552 soleam,
532 1502 585 1540 ut
616 1493 675 1540 de
704 1493 796 1541 isto
830 1494 937 1555 ipso
975 1493 1204 1555 suffragio
1222 1511 1233 1552 3
1273 1494 1378 1551 alia,
1404 1509 1529 1556 quae
1567 1493 1824 1542 defendam
1857 1509 1885 1541 a

307 1584 354 1623 te
381 1577 458 1638 pie
484 1575 585 1622 fieri
618 1583 666 1622 et
688 1574 914 1632 humane,
941 1582 993 1623 ut
1018 1575 1078 1622 de
1111 1576 1358 1623 curatione
1391 1575 1629 1623 ludorum.
1703 1578 1748 1622 8.
1788 1575 1885 1623 Sed

308 1667 369 1717 te,
420 1658 669 1706 hominem
717 1658 1067 1716 doctissimum,
1121 1663 1222 1705 non‘
1280 1657 1414 1720 fugit,
1465 1658 1504 1706 si
1565 1657 1746 1707 Caesar
1802 1675 1884 1707 rex

309 1740 654 1802 fuerit—quod
687 1739 805 1787 mihi
832 1740 1029 1802 quidem
1053 1739 1322 1798 videtur—,
1346 1740 1396 1787 in
1425 1748 1677 1803 utramque
1700 1749 1886 1803 partem

310 1824 370 1871 de
396 1832 481 1871 tuo
518 1822 678 1870 officio
713 1821 943 1884 disputari
968 1836 1131 1884 posse,
1156 1821 1230 1869 vel
1255 1822 1304 1869 in
1340 1836 1462 1880 eam,
1489 1837 1585 1885 qua
1620 1837 1714 1884 ego
1751 1822 1886 1870 soleo

310 1904 391 1962 uti,
435 1903 731 1951 laudandam
781 1918 886 1951 esse
934 1903 1080 1950 fidem
1131 1911 1178 1951 et
1220 1902 1569 1951 humanitatem
1603 1912 1763 1962 suam,
1805 1905 1886 1966 qui

314 1987 529 2034 amicum
555 1987 700 2033 etiam
724 1995 969 2034 mortuum
997 1985 1180 2048 diligas,
1208 1986 1281 2032 vel
1306 1986 1356 2033 in
1380 2001 1503 2044 eam,
1528 2001 1624 2049 qua
1647 2001 1748 2034 non
1773 1987 1887 2034 nulli

311 2078 520 2127 utuntur,
546 2069 815 2117 libertatem
841 2068 1023 2130 patriae
1042 2068 1163 2116 vitae
1189 2068 1332 2115 amici
1357 2069 1763 2131 anteponendam.
1811 2068 1887 2116 Ex

312 2150 386 2197 his
420 2149 726 2197 sermonibus
754 2150 940 2195 utinam
973 2156 1133 2196 essent
1166 2148 1349 2196 delatae
1383 2149 1446 2197 ad
1469 2157 1515 2198 te
1539 2149 1887 2211 disputationes

310 2233 479 2279 meae!
553 2230 639 2278 Illa
664 2245 777 2278 vero
804 2230 916 2288 duo,
942 2244 1064 2292 quae
1090 2230 1304 2277 maxima
1328 2238 1439 2278 sunt
1463 2231 1661 2278 laudum
1684 2239 1887 2288 tuarum,

313 2313 419 2375 quis
435 2321 526 2360 ⁴aut
551 2312 773 2360 libentius
800 2326 946 2375 quam
981 2325 1074 2373 ego
1106 2320 1456 2360 commemorat
1480 2321 1561 2360 aut
1585 2313 1806 2376 saepius?
1842 2322 1887 2360 te

311 2404 359 2442 et
378 2409 480 2442 non
507 2393 799 2457 suscipiendi
819 2393 930 2440 belli
950 2393 1096 2441 civilis
1115 2393 1447 2454 gravissimum
1474 2402 1718 2442 auctorem
1744 2394 1887 2442 fuisse

312 2483 359 2523 et
378 2475 708 2524 moderandae
727 2474 967 2536 victoriae,
989 2475 1037 2521 in
1057 2489 1169 2536 quo,
1190 2475 1272 2536 qui
1291 2474 1407 2521 mihi
1431 2490 1532 2523 non
1559 2476 1886 2533 adsentiretur,

312 2558 472 2605 inveni
497 2557 755 2606 neminem.
808 2555 921 2615 Qua
938 2572 988 2604 re
1007 2556 1164 2604 habeo
1184 2557 1388 2618 gratiam
1408 2556 1654 2616 Trebatio,
1674 2557 1889 2605 familiari

313 2648 497 2697 nostro,
518 2639 600 2702 qui
618 2638 735 2685 mihi
756 2637 887 2686 dedit
908 2653 1103 2686 causam
1123 2638 1291 2686 harum
1310 2638 1585 2697 litterarum,
1606 2640 1780 2703 quibus
1799 2640 1888 2687 nisi

313 2719 675 2778 credideris,me
685 2720 846 2768 omnis
856 2719 997 2767 officii
1014 2727 1060 2767 et
1075 2718 1381 2768 humanitatis
1391 2729 1634 2783 expertem
1647 2721 1867 2769 iudicaris
1874 2735 1887 2779 ς

314 2816 412 2864 quo
433 2816 523 2850 nec
544 2800 659 2848 mihi
677 2802 868 2865 gravius
886 2801 1143 2864 quicquam
1165 2809 1324 2863 potest
1343 2817 1448 2850 esse
1467 2818 1556 2850 nec
1578 2810 1623 2850 te
1643 2802 1855 2850 alienius.

2028 638 2040 820 ’lt—«A-——.

2035 1776 2040 1788 -
2030 1732 2040 1766 x..
2027 1642 2040 1712 ...ι-
2024 946 2040 1629 matun—Q
