2040 3048
117 128 189 181 Ep.
217 112 309 186 35.]
411 124 598 166 EP1ST.
637 123 719 163 AD
755 122 1128 164 FAMILIARES
1170 123 1300 165 VJJJ.
1341 112 1388 164 6.
1595 123 1689 162 101

115 251 197 299 tibi
235 250 295 299 de
331 257 432 299 tota
465 265 516 298 re
551 256 691 298 esset.
763 249 923 308 Nunc,
962 249 999 299 si
1035 249 1097 298 ad
1133 248 1262 298 illam
1299 262 1540 297 summam
1577 247 1694 294 veri-

116 341 262 381 tatem
307 331 574 395 legitimum
617 331 691 379 ius
747 332 979 394 exegeris,
1029 331 1298 380 cavendum
1353 330 1437 377 tibi
1492 328 1577 376 erit
1634 343 1695 376 ne

114 429 284 477 parum
331 413 608 476 simpliciter
648 421 695 462 et
742 413 946 462 candide
994 413 1267 476 deposuisse
1317 410 1590 460 inimicitias
1629 410 1695 457 vi-

114 497 283 545 dearis.
353 496 413 543 In
454 494 581 544 hanc
623 504 809 559 partem
850 511 997 559 porro
1038 504 1194 544 tutum
1236 494 1321 542 tibi
1363 493 1463 551 erit,
1503 492 1542 540 si
1581 492 1695 556 quid

113 577 329 636 volueris,
360 577 641 640 gratificari3
686 593 832 626 nemo
862 578 991 626 enim
1025 576 1376 626 necessitudine
1409 583 1456 623 et
1489 574 1697 622 amicitia

114 667 158 708 te
191 659 467 707 deterritum
501 660 564 707 ab
596 659 758 708 officio
792 659 932 708 dicet.
1003 658 1130 707 Illud
1162 658 1279 706 mihi
1312 657 1531 712 occurrit,
1564 655 1697 718 quod

113 743 233 790 inter
267 742 644 804 postulationem
680 749 728 790 et
762 742 974 791 nominis
1007 741 1299 790 delationem
1332 754 1455 787 uxor
1487 754 1516 786 a
1547 737 1697 786 Dola-

113 824 238 872 bella
266 825 500 873 discessit.
575 839 617 872 2.
656 824 789 884 Quid
824 824 942 872 mihi
992 823 1248 872 discedens
1295 819 1552 878 mandaris,
1595 835 1696 867 me-

113 906 257 966 mini;
296 907 412 970 quid
448 921 542 971 ego
579 907 662 954 tibi
699 907 985 969 scripserim,
1022 914 1069 954 te
1104 920 1206 954 non
1243 905 1444 953 arbitror
1479 901 1696 950 oblitum.

115 987 231 1037 Non
256 998 327 1037 est
350 989 447 1037 iam
471 997 664 1052 tempus
690 988 826 1052 plura
858 988 1097 1037 narrandi.
1166 987 1335 1036 Unum
1360 985 1475 1034 illud
1499 999 1698 1034 monere

117 1079 162 1118 te
201 1086 430 1133 possum:
471 1072 510 1120 si
545 1086 621 1119 res
659 1071 744 1119 tibi
783 1086 885 1119 non
922 1069 1206 1133 displicebit,
1244 1078 1406 1117 tamen
1444 1067 1540 1116 hoc
1576 1075 1697 1116 tem·

115 1167 234 1215 pore
269 1153 385 1201 nihil
418 1153 478 1202 de
511 1161 594 1201 tua
625 1152 872 1201 voluntate
906 1151 1152 1210 ostendas,
1184 1159 1233 1199 et
1265 1157 1518 1214 exspectes
1552 1164 1697 1212 quem

115 1235 176 1283 ad
224 1235 426 1284 modum
477 1242 620 1283 exeat
668 1250 729 1283 ex
780 1234 873 1282 hac
921 1249 1093 1293 causa;
1149 1233 1359 1295 denique
1410 1231 1699 1279 invidiosum

115 1317 199 1364 tibi
247 1318 320 1376 sit,
370 1319 410 1366 si
457 1316 716 1375 emanarit;
772 1330 933 1379 porro,
982 1316 1032 1363 si
1083 1314 1368 1377 significatio
1417 1314 1512 1362 ulla
1558 1314 1700 1361 inter-

115 1399 323 1458 cesserit,
358 1400 544 1458 clarius,
575 1414 723 1462 quam
760 1398 930 1447 deceat
966 1404 1048 1445 aut
1084 1396 1322 1459 expediat,
1356 1396 1451 1444 fiat.
1525 1394 1699 1457 Neque

115 1481 191 1529 ille
227 1490 382 1530 tacere
420 1496 529 1529 eam
564 1496 668 1528 rem
703 1479 891 1542 poterit,
925 1493 1049 1543 quae
1088 1493 1203 1527 suae
1242 1478 1347 1542 spei
1378 1487 1482 1526 tam
1518 1492 1700 1540 oppor-

115 1571 231 1611 tuna
277 1563 504 1612 acciderit
554 1578 777 1625 quaeque
832 1563 883 1610 in
939 1561 1138 1623 negotio
1196 1560 1503 1610 conficiendo
1564 1566 1699 1606 tanto

116 1646 336 1694 illustrior
371 1647 457 1694 erit
473 1662 486 1705 ;
531 1661 644 1693 cum
679 1644 959 1707 praesertim
996 1645 1036 1692 is
1073 1645 1147 1702 sit,
1172 1644 1269 1706 qui,
1296 1644 1336 1691 si
1371 1642 1698 1706 perniciosum

116 1728 256 1777 sciret
302 1744 408 1777 esse
454 1728 588 1791 loqui
635 1727 696 1776 de
742 1727 835 1775 hac
875 1742 942 1786 re,
978 1726 1056 1774 vix
1104 1734 1268 1773 tamen
1315 1740 1367 1773 se
1415 1724 1698 1773 contineret.

118 1827 164 1872 3.
201 1811 463 1874 Pompeius
497 1810 670 1858 dicitur
703 1809 842 1857 valde
878 1824 969 1872 pro
1004 1809 1168 1871 Appio
1203 1808 1437 1865 laborare,
1470 1815 1522 1854 ut
1554 1806 1699 1854 etiam

116 1901 287 1956 putent
317 1893 518 1940 alterum
548 1900 708 1940 utrum
734 1891 795 1939 de
828 1891 934 1938 filiis
968 1890 1031 1938 ad
1063 1898 1110 1938 te
1140 1890 1414 1938 missurum.
1487 1888 1584 1936 Hic
1609 1903 1701 1936 nos

117 1992 290 2024 omnes
328 1975 648 2034 absolvimus;
700 1983 748 2023 et
786 1974 1005 2022 hercules
1047 1981 1313 2036 consaepta
1354 1972 1522 2020 omnia
1559 1972 1702 2020 foeda

117 2066 165 2106 et
210 2058 468 2106 inhonesta
515 2065 639 2105 sunt.
731 2055 971 2105 Consules
1019 2064 1181 2104 autem
1229 2055 1464 2103 habemus
1513 2070 1703 2102 summa

118 2140 390 2203 diligentia;
428 2139 586 2187 adhuc
616 2146 812 2186 senatus
838 2138 1115 2186 consultum
1147 2138 1239 2186 nisi
1271 2137 1330 2184 de
1356 2137 1484 2184 feriis
1518 2135 1703 2183 Latinis

120 2222 303 2269 nullum
327 2221 484 2270 facere
517 2228 792 2285 potuerunt.
855 2219 1055 2268 Curioni
1088 2229 1257 2269 nostro
1286 2220 1555 2267 tribunatus
1588 2233 1702 2266 con-

119 2304 306 2367 glaciat.
378 2320 422 2364 4.
461 2303 558 2352 Sed
599 2303 692 2351 dici
729 2319 829 2352 non
866 2311 1041 2365 potest,
1083 2318 1182 2367 quo
1224 2302 1375 2350 modo
1422 2301 1501 2349 hic
1537 2301 1701 2347 omnia

120 2387 333 2435 iaceant:
371 2386 461 2434 nisi
497 2400 591 2447 ego
629 2400 741 2434 cum
777 2386 1059 2434 tabernariis
1093 2393 1140 2433 et
1173 2385 1379 2448 aquariis
1416 2397 1700 2445 pugnarem,

121 2476 341 2516 veternus
384 2468 622 2516 civitatem
661 2476 962 2532 occupasset.
1035 2467 1085 2515 Si
1127 2466 1288 2514 Parthi
1327 2480 1413 2513 vos
1454 2464 1570 2512 nihil
1609 2464 1703 2512 cal-

121 2550 300 2606 ficiunt,
338 2565 429 2598 nos
465 2566 553 2598 non
588 2550 703 2598 nihil
739 2550 915 2613 frigore
951 2549 1247 2612 rigescimus.
1336 2546 1542 2606 Tamen,
1581 2562 1702 2609 quo-

123 2646 222 2694 quo
254 2631 404 2679 modo
438 2633 606 2694 potuit,
639 2633 741 2680 sine
777 2631 963 2680 Parthis
997 2631 1196 2679 Bibulus
1229 2631 1278 2677 in
1312 2630 1505 2678 Amano
1537 2630 1702 2679 nescio

122 2713 238 2775 quid
298 2713 697 2761 cohorticularum
752 2714 923 2763 amisit.
995 2713 1111 2762 Hoc
1164 2713 1232 2761 sic
1287 2713 1561 2760 nuntiatum
1617 2720 1703 2759 est.

127 2807 168 2857 5.
209 2795 358 2855 Quod
395 2796 477 2843 tibi
514 2811 656 2859 supra
698 2796 866 2860 scripsi
902 2794 1166 2843 Curionem
1203 2795 1339 2843 valde
1381 2795 1567 2856 frigere,
1606 2794 1700 2841 iam
