2040 3048
288 104 354 159 32
735 98 797 140 M.
845 98 1038 137 TULLII
1077 98 1391 138 CICERONIS
1688 88 1801 158 [Pars
1826 99 1855 141 1.

286 230 505 293 Capuam
532 231 593 279 ad
619 231 906 293 Pompeium
940 230 1099 279 volare
1133 230 1427 278 dicebantur.
1500 228 1691 278 Inimici
1723 237 1858 278 erant

285 314 538 375 equitibus,
566 313 646 374 qui
668 312 865 360 Curioni
891 320 1070 360 stantes
1095 311 1388 374 plauserant,
1413 311 1577 360 hostes
1603 313 1855 371 omnibus;

287 395 494 442 Rosciae
523 394 632 456 legi,
664 394 806 441 etiam
840 393 1194 451 frumentariae,
1225 394 1591 441 minitabantur:
1631 409 1748 441 sane
1782 408 1857 441 res

285 485 385 523 erat
419 477 706 538 perturbata.
777 475 1033 538 Equidem.v
1053 474 1331 532 malueram,
1362 475 1496 536 quod
1530 483 1631 523 erat
1665 490 1858 538 suscep-

286 565 386 604 tum
423 558 484 604 ab
520 558 624 615 illis,
661 557 851 605 silentio
887 544 1087 614 transiri,
1134 557 1221 604 sed
1254 571 1420 604 vereor
1458 572 1519 604 ne
1554 571 1655 604 non
1689 556 1855 604 liceat:

285 654 386 686 non
422 639 579 686 ferunt
615 639 852 696 homines,
883 638 1016 700 quod
1044 638 1230 686 videtur
1258 653 1365 686 esse
1394 646 1558 685 tamen
1589 638 1853 686 ferendum.

286 721 382 769 Sed
417 729 489 770 est
523 722 618 768 iam
648 736 746 768 una
773 735 868 768 vox
901 720 1133 779 omniurn,
1159 719 1315 782 magis
1351 719 1467 767 odio
1496 714 1682 768 firmata
1711 735 1855 782 quam

282 803 536 865 praesidio.
634 818 677 861 4.
726 802 904 850 Noster
957 810 1118 849 autem
1176 801 1374 849 Publius
1429 800 1547 848 mihi
1599 802 1856 858 minitatur,

282 885 503 932 inimicus
539 893 639 943 est;
690 884 938 947 impendet
972 884 1238 946 negotium,
1287 883 1350 930 ad
1398 882 1531 945 quod
1577 890 1630 930 tu
1676 883 1858 931 scilicet

282 967 542 1014 advolabis.
617 965 801 1014 Videor
824 965 942 1013 mihi
975 973 1195 1013 nostrum
1224 964 1356 1012 illum
1388 963 1695 1013 consularem
1720 979 1857 1011 exer-

283 1049 430 1095 citum
466 1050 707 1096 bonorum
743 1048 977 1101 omnium,
1027 1048 1171 1094 etiam
1207 1037 1332 1094 ‘satis
1379 1045 1636 1104 bonorum,
1678 1045 1857 1094 habere

283 1130 622 1177 firmissimum.
695 1129 958 1191 Pompeius
989 1129 1224 1190 significat
1255 1127 1465 1176 studium
1497 1143 1612 1190 erga
1644 1142 1723 1175 me
1757 1142 1858 1174 non

284 1212 558 1271 mediocre;
595 1211 725 1258 idem
758 1211 978 1258 adfirmat
1013 1211 1212 1257 verbum
1249 1210 1309 1257 de
1339 1224 1417 1257 me
1449 1209 1583 1257 illum
1616 1224 1718 1258 non
1752 1224 1857 1257 esse

283 1294 518 1341 facturum
539 1308 551 1352 ;
589 1294 640 1340 in
689 1308 786 1355 quo
836 1307 938 1340 non
982 1307 1060 1340 me
1103 1292 1177 1339 ille
1219 1291 1348 1349 fallit,
1393 1291 1478 1339 sed
1518 1292 1624 1354 ipse
1662 1290 1850 1340 fallitur.

283 1375 530 1424 Cosconio
566 1383 758 1422 mortuo
802 1390 909 1422 sum
945 1375 994 1420 in
1028 1374 1129 1421 eius
1171 1373 1332 1420 locum
1371 1373 1626 1420 invitatus:
1663 1372 1713 1420 id
1757 1381 1858 1420 erat

281 1459 437 1506 vocari
466 1458 514 1504 in
548 1458 710 1506 locum
747 1457 954 1514 mortui3
992 1455 1108 1502 nihil
1136 1470 1215 1502 me
1247 1454 1430 1517 turpius
1465 1454 1595 1516 apud
1630 1454 1856 1502 homines

283 1540 461 1598 suisset,
498 1553 656 1601 neque
693 1553 805 1585 vero
838 1537 900 1584 ad
932 1537 1073 1584 istam
1116 1536 1273 1598 ipsam
1313 1537 1557 1595 ἀσφάλειαν
1594 1534 1855 1597 quicquam

283 1611 481 1668 alienius
501 1636 512 1680 ;
551 1628 663 1668 sunt
699 1620 826 1666 enim
863 1618 927 1666 illi
961 1618 1090 1680 apud
1133 1619 1291 1665 bonos
1330 1616 1563 1674 invidiosi,
1601 1630 1695 1678 ego
1726 1615 1857 1678 apud

281 1703 532 1764 improbos
567 1717 726 1748 meam
763 1701 1066 1748 retinuissem
1107 1699 1346 1755 invidiam,
1385 1698 1589 1745 alienam
1625 1698 1854 1760 adsump-

281 1786 466 1833 sissem.
541 1795 584 1843 5.
623 1783 801 1830 Caesar
825 1798 903 1829 me
929 1781 1017 1829 sibi
1040 1781 1139 1828 volt
1163 1796 1268 1828 esse
1291 1766 1517 1842 legatum.
1589 1778 1857 1827 Honestior

281 1865 534 1913 declinatio
589 1865 709 1912 haec
764 1864 991 1927 periculi;
1055 1863 1142 1911 sed
1187 1877 1280 1924 ego
1332 1862 1426 1909 hoc
1481 1877 1583 1909 non
1636 1861 1852 1924 repudio.

283 1947 415 2006 Quid
474 1961 590 2008 ergo
647 1947 754 1993 est?
817 1945 1039 2006 Pugnare
1094 1944 1238 1991 malo.
1311 1943 1444 1990 Nihil
1502 1951 1663 1990 tamen
1721 1942 1852 1989 certi.

282 2030 461 2077 Iterum
495 2029 619 2086 dico,
651 2028 836 2075 utinam
866 2027 1093 2075 adesses!
1132 2026 1218 2073 sed
1241 2033 1417 2082 tamen,
1451 2025 1491 2072 si
1521 2026 1608 2072 erit
1639 2038 1853 2081 necesse,

285 2126 596 2159 arcessemus.
647 2109 781 2168 Quid
806 2108 966 2156 aliud?
991 2107 1139 2172 quid?
1188 2106 1303 2154 Hoc
1327 2106 1526 2168 opinor:
1552 2106 1667 2153 certi
1686 2119 1852 2153 sumus

282 2195 461 2256 perisse
498 2191 661 2240 omnia
678 2208 691 2251 ;
730 2190 845 2253 quid
882 2191 1011 2238 enim
1047 2190 1295 2248 α’κκιζόμεθα
1328 2196 1428 2235 tam
1462 2187 1579 2235 diu?
1615 2186 1702 2235 sed
1733 2185 1853 2234 haec

285 2277 449 2338 scripsi
491 2289 756 2338 properans
799 2282 846 2320 et
886 2271 1158 2320 mehercule
1201 2269 1378 2318 timide.
1456 2269 1666 2317 Posthac
1705 2268 1767 2316 ad
1807 2275 1853 2315 te

282 2367 375 2416 aut,
403 2358 442 2405 si
467 2356 744 2419 perfidelem
781 2355 986 2413 habebo,
1015 2354 1091 2401 cui
1121 2352 1246 2410 dem,
1277 2351 1483 2400 scribam
1507 2351 1650 2414 plane
1674 2349 1852 2407 omnia,

282 2449 374 2499 aut,
427 2440 465 2487 si
514 2440 716 2486 obscure
766 2437 986 2494 scribam,
1034 2443 1085 2483 tu
1137 2443 1301 2482 tamen
1348 2432 1608 2494 intelleges.
1690 2432 1750 2479 In
1797 2431 1854 2479 iis

284 2522 495 2584 epistolis
537 2536 615 2568 me
659 2519 890 2578 Laelium,
933 2526 979 2565 te
1021 2516 1218 2565 Furium
1260 2515 1461 2574 faciam;
1518 2522 1674 2562 cetera
1715 2519 1854 2561 erunt

283 2607 327 2649 ἐν
366 2606 582 2663 αἰνιγμοῖς.
654 2601 752 2649 Hic
795 2599 1057 2648 Caecilium
1084 2598 1287 2646 colimus
1323 2606 1371 2645 et
1404 2598 1716 2644 observamus
1751 2594 1851 2641 dili-

283 2695 465 2748 genter.
552 2683 724 2732 Edicta
772 2683 928 2730 Bibuli
978 2681 1121 2728 audio
1171 2678 1231 2727 ad
1280 2687 1324 2727 te
1373 2679 1549 2726 missa:
1610 2677 1666 2724 iis
1722 2675 1855 2724 ardet

282 2768 448 2815 dolore
487 2775 532 2814 et
567 2767 636 2813 ira
672 2773 835 2813 noster
872 2763 1147 2825 Pompeius.
