2040 3048
113 136 183 188 Ep.
209 123 302 192 ³6-]
478 133 665 174 EPIST.
705 132 787 171 AD
825 132 1098 174 ATTJOUM
1138 135 1185 174 ν.
1229 136 1307 174 21.
1584 138 1682 190 103

111 259 399 308 nuntiantes
467 256 623 306 Axius
661 266 825 306 noster
862 259 926 307 ait
963 268 1152 308 nostras
1189 258 1482 308 auctoritatis
1518 260 1685 323 plenas

109 340 268 400 fuisse,
306 340 396 388 illis
438 346 584 402 negat
626 340 874 388 creditum.
945 341 1103 390 Bibuli
1145 341 1364 390 nondum
1403 351 1538 390 erant
1575 342 1686 389 alla-

108 431 199 481 tae,
227 437 346 486 quas
376 429 507 470 certo
541 421 643 469 scio
676 421 845 484 plenas
878 423 1064 472 timoris
1089 423 1204 472 sore.
1279 439 1323 486 3.
1359 422 1433 470 Ex
1461 424 1517 472 iis
1545 425 1689 472 rebus

108 505 203 554 hoc
249 518 428 563 vereor,
467 519 542 562 ne,
583 518 694 551 cum
744 503 1008 567 Pompeius
1056 513 1253 569 propter
1299 515 1483 554 metum
1530 520 1689 555 rerum

110 601 344 635 novarum
390 600 630 648 nusquam
677 584 954 645 dimittatur,
1005 587 1203 636 Caesari
1250 588 1407 637 nullus
1454 588 1615 637 honos
1661 601 1691 634 a

111 677 280 717 senatu
326 668 570 726 habeatur,
609 667 727 715 dum
762 667 841 716 hic
877 669 1036 717 nodus
1079 670 1376 733 expediatur,
1414 685 1516 718 non
1556 677 1692 732 putet

110 759 304 800 senatus
340 765 446 809 nos,
478 758 739 813 antequam
776 764 1056 799 successum
1094 752 1165 809 sit,
1196 760 1419 815 oportere
1457 751 1691 800 decedere

111 848 202 882 nec
241 833 291 880 in
333 841 468 881 tanto
510 840 648 881 motu
688 848 849 881 rerum
891 834 1034 882 tantis
1073 834 1333 897 provinciis
1375 833 1591 895 singulos
1628 833 1692 881 le·

111 923 250 977 gatos
296 930 535 978 praeesse.
621 913 735 974 Hic,
778 930 840 963 ne
887 915 1005 978 quid
1051 915 1168 963 mihi
1214 923 1515 978 prorogetur,
1560 916 1691 979 quod

112 1012 174 1045 ne
207 997 496 1045 intercessor
527 997 726 1059 quidem
760 998 995 1046 sustinere
1031 997 1202 1060 possit,
1235 997 1425 1056 horreo,
1457 1006 1600 1061 atque
1633 1013 1693 1046 eo

113 1079 282 1141 magis,
319 1079 452 1142 quod
488 1086 540 1126 tu
576 1078 707 1136 abes,
747 1078 829 1142 qui
867 1078 1085 1136 consilio,
1121 1078 1287 1140 gratia,
1332 1080 1491 1127 studio
1532 1079 1694 1127 multis

113 1162 257 1209 rebus
299 1175 591 1209 occurreres,
666 1156 808 1228 [Sed]
854 1161 985 1209 dices
1027 1176 1106 1208 me
1155 1161 1316 1224 ipsum
1358 1161 1475 1209 mihi
1522 1162 1695 1210 sollici-

113 1244 331 1292 tudinem
379 1250 588 1291 struere:
640 1257 806 1305 cogor,
851 1251 898 1291 et
939 1243 1079 1291 velim
1122 1244 1186 1290 ita
1227 1243 1298 1290 sit.
1387 1242 1483 1291 Sed
1530 1244 1698 1291 omnia

114 1334 291 1374 metuo.
362 1323 467 1372 Etsi
506 1324 682 1371 bellum
724 1325 1044 1385 ἀκροτελεύτιον
1075 1325 1221 1373 habet
1253 1325 1331 1372 illa
1362 1333 1444 1372 tua
1480 1325 1694 1387 epistola,

115 1423 262 1472 quam
287 1407 459 1455 dedisti
494 1421 734 1454 nauseans
770 1406 1036 1455 Buthroto:
1075 1411 1086 1432 ‘
1103 1407 1201 1465 tibi,
1229 1415 1281 1454 ut
1305 1407 1444 1455 video
1469 1414 1516 1453 et
1541 1421 1698 1470 sper0,

115 1491 244 1540 nulla
280 1489 342 1538 ad
378 1489 714 1536 decedendum
750 1489 916 1536 mora.’
990 1488 1191 1537 Mallem
1229 1493 1306 1536 ‘ut
1342 1489 1531 1549 video;’
1584 1489 1700 1536 nihil

117 1588 240 1636 opus
278 1571 365 1619 fuit
403 1575 481 1619 ‘ut
517 1570 690 1634 spero?
763 1587 808 1631 4.
847 1571 1151 1633 Acceperam
1188 1579 1350 1619 autem
1388 1571 1501 1619 satis
1538 1570 1699 1619 celeri-

117 1665 185 1703 ter
232 1654 387 1703 Iconii
434 1668 521 1716 per
568 1653 938 1716 publicanorum
986 1653 1260 1702 tabellarios
1309 1668 1338 1701 a
1384 1653 1575 1701 Lentuli
1621 1653 1700 1700 tri-

116 1736 300 1800 umpho
335 1736 484 1784 datas.
555 1735 613 1782 In
641 1734 715 1782 his
743 1735 1031 1796 γλυκύπικρον
1058 1735 1174 1783 illud
1205 1735 1481 1794 confirmas,
1511 1749 1700 1782 moram

117 1819 233 1868 mihi
269 1818 450 1865 nullam
485 1816 601 1874 fore,
636 1816 811 1864 deinde
848 1817 1000 1875 addis,
1032 1817 1071 1864 si
1107 1817 1224 1879 quid
1260 1832 1411 1876 secus,
1442 1824 1489 1864 te
1525 1816 1588 1864 ad
1622 1830 1701 1862 me

117 1918 223 1951 esse
261 1908 530 1949 venturum.
603 1897 805 1961 Angunt
834 1914 913 1946 me
947 1899 1269 1947 dubitationes
1302 1907 1438 1957 tuae;
1483 1897 1625 1946 simul
1657 1904 1704 1944 et

119 1985 266 2042 vides,
315 1997 436 2044 quas
483 1982 753 2043 acceperim
800 1981 993 2030 litteras.
1083 1981 1213 2028 Nam
1268 1996 1387 2043 quas
1444 1979 1702 2035 Hermoni,

121 2064 414 2115 centurionis
463 2062 698 2121 Canuleii,
747 2063 851 2126 ipse
911 2063 1078 2112 scribis
1124 2070 1171 2111 te
1221 2063 1425 2121 dedisse,
1473 2077 1574 2110 non
1626 2076 1704 2109 ac-

122 2149 241 2212 cepi.
314 2146 481 2195 Laenii
513 2146 675 2208 pueris
709 2153 756 2193 te
792 2146 984 2196 dedisse
1021 2161 1165 2209 saepe
1203 2145 1265 2193 ad
1300 2160 1379 2192 me
1417 2145 1704 2207 scripseras:

123 2248 204 2281 eas
247 2230 521 2279 Laodiceae
565 2228 788 2290 denique,
833 2243 945 2276 cum
993 2243 1054 2276 eo
1101 2228 1356 2285 venissem,
1400 2227 1539 2275 tertio
1589 2226 1706 2274 Idus

124 2314 350 2363 Februar.
409 2310 619 2359 Laenius
678 2310 795 2358 mihi
851 2310 1071 2368 reddidit,
1119 2310 1257 2358 datas
1314 2326 1353 2358 a.
1402 2309 1448 2357 d.
1493 2324 1539 2356 x.
1594 2306 1704 2354 Kal.

126 2396 378 2446 Octobres.
438 2392 623 2441 Laenio
672 2400 777 2440 tuas
822 2391 1273 2441 commendationes
1322 2398 1369 2439 et
1410 2390 1571 2439 statim
1606 2404 1707 2436 ver-

125 2478 198 2525 bis
233 2485 280 2526 et
316 2475 500 2537 reliquo
537 2482 754 2537 tempore
790 2490 841 2522 re
876 2474 1112 2536 probabo.
1186 2485 1230 2534 5.
1267 2472 1368 2520 Eae
1407 2472 1587 2520 litterae
1631 2486 1708 2518 ce-

127 2566 226 2607 tera
273 2564 433 2605 vetera
479 2555 736 2615 habebant,
784 2571 936 2603 unum
983 2554 1078 2603 hoc
1131 2570 1328 2613 novum,
1371 2553 1431 2602 de
1475 2551 1711 2616 Cibyratis

125 2639 387 2704 pantheris.
459 2636 669 2685 Multum
698 2646 744 2686 te
776 2652 903 2696 amo,
929 2637 1063 2700 quod
1092 2636 1382 2700 respondisti
1411 2634 1482 2682 M.
1510 2633 1712 2683 Octavio

127 2730 173 2770 te
198 2737 300 2769 non
334 2727 529 2784 putare;
568 2720 652 2768 sed
684 2720 887 2783 posthac
913 2720 1092 2778 omnia,
1119 2734 1243 2781 quae
1277 2725 1405 2767 certa
1434 2732 1535 2766 non
1560 2724 1713 2774 erunt,

128 2819 217 2867 pro
244 2812 374 2852 certo
403 2810 596 2864 negato,
669 2801 779 2851 Nos
809 2802 939 2849 enim
968 2810 1015 2849 et
1043 2809 1209 2848 nostra
1239 2808 1412 2862 sponte
1442 2799 1565 2846 bene
1591 2797 1715 2846 firmi
