2040 3048
123 96 189 147 Ep.
214 83 282 153 3.]
510 94 696 135 EPIST.
733 92 815 132 AD
853 93 1131 134 ATTJCUM
1166 96 1204 134 I.
1248 87 1326 139 16.
1629 100 1687 153 ¹7

121 225 412 276 Hortensius
438 242 489 275 se
515 226 690 276 vidisse
715 235 930 285 tantum;
975 242 1121 275 nemo
1147 234 1247 275 erat
1277 227 1358 289 qui
1389 226 1519 274 illum
1555 241 1691 274 reum

116 324 173 357 ac
197 324 298 357 non
322 309 509 357 miliens
535 309 912 358 condemnatum
939 309 1256 358 arbitraretur.
1318 308 1401 356 Me
1428 323 1542 357 vero
1571 317 1692 358 teste

118 392 355 454 producto
388 392 534 440 credo
577 401 624 440 te
666 407 727 441 ex
769 392 1114 441 acclamatione
1149 390 1308 440 Clodii
1343 391 1691 439 advocatorum

117 473 310 522 audisse
369 489 494 538 quae
554 474 883 523 consurrectio
943 474 1156 522 iudicum
1210 474 1335 522 facta
1395 474 1468 532 sit,
1518 482 1568 522 ut
1615 489 1694 520 me

115 555 523 614 circumsteterint,
566 564 618 604 ut
653 564 817 620 aperte
853 556 1015 618 iugula
1053 571 1139 604 sua
1176 571 1264 619 pro
1300 571 1413 604 meo
1449 556 1605 619 capite
1641 556 1694 605 P.

115 637 290 686 Clodio
324 638 632 687 ostentarint:
685 654 808 701 quae
841 637 957 709 mihi
993 653 1068 686 res
1111 637 1263 686 multo
1299 638 1694 686 honorificentior

113 719 214 768 visa
244 727 318 768 est
350 736 498 784 quam
528 727 610 768 aut
644 720 736 779 illa,
771 736 883 770 cum
909 710 1070 768 'iurare
1100 721 1167 768 tui
1204 721 1331 768 cives
1364 708 1693 768 Xenocratem

113 803 439 851 testimonium
491 803 735 852 dicentem
787 802 1148 866 prohibuerunt,
1199 810 1281 850 aut
1335 817 1447 850 cum
1505 802 1693 850 tabulas

112 883 296 932 Metelli
330 884 588 944 Numidici,
624 901 735 934 cum
772 901 872 943 eae,
903 893 955 934 ut
990 901 1099 934 mos
1135 893 1221 942 est,
1258 884 1690 943 circumferrentur,

111 965 262 1014 nostri
303 965 486 1016 iudices
527 967 740 1031 aspicere
779 967 1037 1015 noluerunt
1054 982 1068 1026 ;
1105 967 1258 1014 multo
1300 965 1434 1025 haee,
1474 967 1689 1029 inquam,

111 1054 276 1096 nostra
299 1063 374 1097 res
399 1048 567 1096 maior.
643 1060 685 1110 5.
737 1049 907 1112 Itaque
944 1049 1158 1096 iudicum
1195 1047 1410 1105 vocibus,
1449 1063 1561 1096 cum
1595 1063 1689 1111 ego

111 1128 178 1178 sic
204 1131 265 1178 ab
289 1129 360 1190 iis,
386 1139 437 1179 ut
463 1131 592 1179 salus
616 1131 812 1194 patriae,
839 1129 1133 1188 defenderer,
1159 1129 1337 1178 fractus
1362 1145 1474 1179 reus
1510 1138 1558 1178 et
1592 1146 1690 1179 una

109 1212 298 1274 patroni
337 1227 510 1262 omnes
551 1213 867 1261 conciderunt
886 1227 899 1271 3
961 1211 1022 1260 ad
1061 1227 1139 1259 me
1176 1220 1338 1260 autem
1388 1211 1561 1260 eadem
1597 1212 1688 1260 fre-

96 1294 303 1355 ·quentia
335 1294 566 1357 postridie
596 1295 831 1353 convenit,
860 1308 1070 1358 quacum
1100 1294 1268 1342 abiens
1293 1294 1547 1342 consulatu
1581 1310 1688 1343 sum

107 1375 307 1423 domum
339 1375 576 1424 reductus.
638 1375 859 1424 Clamare
896 1375 1126 1439 praeclari
1158 1374 1472 1438 Ariopagitae
1506 1391 1557 1424 se
1586 1392 1688 1424 non

107 1472 214 1506 esse
238 1465 464 1506 venturos
498 1458 589 1505 nisi
622 1458 861 1520 praesidio
892 1458 1168 1506 constitutO.
1232 1457 1457 1506 Refertur
1485 1458 1547 1507 ad
1572 1474 1687 1508 con-

106 1539 290 1587 silium:
349 1554 447 1586 una
489 1539 594 1587 sola
635 1540 870 1588 sententia
908 1540 1200 1603 praesidium
1243 1554 1344 1587 non
1386 1539 1685 1589 desideravit.

106 1621 329 1670 Defertur
385 1636 461 1670 res
515 1621 578 1670 ad
637 1629 888 1670 senatum:
948 1622 1226 1684 gravissime
1286 1622 1685 1687 ornatissimeque

108 1704 403 1762 decernitur3
439 1703 696 1752 laudantur
719 1704 902 1752 iudices
921 1720 933 1763 3
986 1704 1123 1752 datur
1156 1704 1408 1766 negotium
1433 1705 1684 1768 magistra-

104 1786 231 1835 tibus
246 1802 259 1846 ;
295 1800 642 1848 responsurum
668 1786 918 1834 hominem
955 1801 1101 1833 nemo
1127 1786 1454 1835 arbitrabatur.
1527 1789 1685 1834 ἕσπετε

104 1873 177 1914 νῦν
198 1887 284 1928 μοι,
311 1873 498 1927 Μοῦσαι,
524 1869 670 1916 ὅππως
695 1870 744 1926 δὴ
768 1874 936 1929 πρῶτον
959 1873 1043 1929 πῦρ
1068 1871 1241 1927 ἔμπεσε.
1299 1867 1443 1917 NOSti
1464 1867 1685 1928 Calvum,

105 1966 165 1998 ex
202 1949 502 1998 Nanneianis
540 1951 686 2008 illum,
723 1951 855 1998 illum
892 1950 1193 1998 laudatorem
1233 1965 1412 2010 meum,
1450 1950 1511 1999 de
1548 1951 1683 1999 cuius

104 2033 320 2081 oratione
345 2049 460 2096 erga
483 2048 562 2080 me
586 2032 855 2081 honorifica
885 2033 946 2080 ad
972 2041 1017 2080 te
1048 2033 1362 2096 scripseram:
1412 2033 1560 2080 biduo
1597 2048 1684 2095 per

103 2127 255 2160 unum
282 2127 484 2170 servum,
511 2120 557 2160 et
581 2127 692 2159 eum
717 2127 777 2159 ex
802 2111 1087 2174 gladiatorio
1113 2110 1244 2170 ludo,
1282 2110 1491 2171 confecit
1527 2119 1682 2160 totum

104 2195 383 2257 negotium3
440 2194 683 2243 arcessivit
721 2193 783 2240 ad
823 2209 887 2251 se,
930 2193 1166 2256 promisit,
1210 2193 1490 2247 intercessit,
1535 2191 1681 2242 dedit.

103 2275 208 2324 Iam
234 2291 448 2324 vero—o
473 2276 520 2324 di
545 2276 663 2324 boni
688 2291 790 2323 rem
816 2275 1051 2338 perditam
1073 2276 1298 2324 1--etiam
1334 2283 1504 2324 noctes
1531 2283 1681 2323 certa·

101 2375 207 2408 rum
255 2359 507 2407 mulierum
557 2367 699 2421 atque
743 2357 1216 2405 adulescentulorum
1259 2357 1494 2406 nobilium
1532 2357 1681 2405 intro-

102 2442 355 2490 ductiones
403 2456 504 2488 non
564 2440 702 2488 nullis
751 2439 986 2488 iudicibus
1036 2453 1125 2503 pro
1184 2439 1421 2490 mercedis
1483 2439 1680 2508 cumulo

102 2521 305 2572 suerunt.
400 2522 475 2570 Ita
531 2537 723 2570 summo
781 2521 995 2569 discessu
1051 2522 1309 2579 bonorum,
1368 2521 1514 2584 pleno
1572 2508 1680 2569 foro

102 2619 359 2662 servorum,
388 2620 500 2652 xxv.
527 2603 707 2652 iudices
733 2604 797 2651 ita
822 2603 969 2652 fortes
995 2611 1159 2651 tamen
1185 2603 1388 2662 fuerunt,
1410 2611 1462 2652 ut
1488 2618 1680 2651 summo

103 2686 351 2748 proposito
381 2686 593 2748 periculo
642 2685 714 2734 vel
762 2686 915 2748 perire
966 2685 1219 2733 maluerint
1272 2701 1419 2748 quam
1480 2685 1680 2748 perdere

102 2767 300 2814 omnia:
364 2782 494 2816 xxxi.
540 2767 744 2825 fuerunt,
790 2783 913 2830 quos
964 2768 1115 2816 fames
1164 2769 1320 2831 magis
1365 2783 1511 2831 quam
1551 2766 1681 2816 sama

875 2862 906 2900 C
