2040 3048
322 95 425 162 276
777 105 839 145 M.
885 104 1086 143 TULLII
1122 104 1438 144 CICERONIS
1709 92 1822 165 [Pars
1845 107 1895 144 v.
2014 0 2040 150 ἶ

320 234 542 290 feceram,
570 232 810 293 interrupi,
835 239 888 279 ut
918 232 1126 294 spatium
1151 232 1214 279 ad
1238 231 1566 293 colligendum
1599 246 1651 279 se
1675 231 1897 279 homines

319 315 552 363 haberent
592 322 640 360 et
678 327 773 374 ego
814 328 894 361 me
932 313 1116 360 interea
1157 328 1269 360 cum
1311 313 1497 375 collega
1536 312 1896 375 coniungerem,

320 411 467 457 quem
506 394 678 451 triduo,
710 409 821 440 cum
859 394 946 442 has
986 395 1164 442 dabam
1199 395 1392 454 litteras,
1423 396 1780 457 exspectabam.
1854 411 1898 454 4.

322 475 595 524 Laterensis
631 475 782 523 nostri
818 484 866 523 et
890 476 1037 524 fidem
1074 484 1121 524 et
1150 476 1366 524 animum
1403 477 1696 538 singularem
1719 477 1769 524 in
1797 493 1900 525 rem

320 558 565 620 publicam
609 573 800 621 semper
841 557 1029 606 fatebor
1042 573 1056 617 3
1109 558 1195 606 sed
1237 566 1363 607 certe
1410 559 1559 606 nimia
1600 559 1702 606 eius
1743 559 1899 607 indul-

320 641 484 702 gentia
524 640 575 686 in
616 638 858 702 Lepidum
901 639 963 687 ad
1000 639 1120 687 haec
1162 640 1375 702 pericula
1416 640 1754 703 perspicienda
1790 640 1902 689 fecit

322 738 434 770 eum
469 722 630 769 minus
667 737 904 785 sagacem.
978 721 1077 782 Qui
1113 723 1309 785 quidem
1348 738 1461 770 cum
1501 723 1551 770 in
1592 722 1812 770 fraudem
1850 739 1902 771 se

322 803 583 852 deductum
607 803 800 862 videret,
826 819 1011 862 manus,
1038 819 1159 867 quas
1183 805 1350 852 iustius
1373 805 1423 851 in
1441 804 1616 867 Lepidi
1641 805 1903 868 perniciem

322 893 567 944 armasset,
594 886 683 934 sibi
707 885 891 934 adferre
917 894 1120 934 conatus
1145 893 1249 945 est;
1286 885 1337 933 in
1362 901 1460 949 quo
1495 901 1611 934 casu
1635 894 1800 935 tamen
1831 887 1903 934 in-

322 967 596 1030 terpellatus
633 975 679 1015 et
713 967 871 1016 adhuc
901 968 1011 1015 vivit
1043 976 1089 1015 et
1122 967 1292 1015 dicitur
1315 967 1538 1016 victurus.
1610 967 1709 1016 Sed
1741 976 1903 1017 tamen

324 1049 383 1096 de
409 1048 502 1098 hoc
527 1065 698 1112 parum
722 1049 839 1097 mihi
873 1057 1056 1098 certum
1087 1056 1173 1097 est.
1248 1059 1292 1109 5.
1328 1048 1438 1112 Ego
1463 1064 1646 1112 magno
1671 1065 1783 1098 cum
1816 1050 1904 1098 do-

323 1131 422 1178 lore
448 1131 792 1194 parricidarum
816 1131 1008 1195 elapsus
1033 1146 1141 1179 sum
1165 1131 1221 1179 iis
1241 1146 1253 1188 ;
1290 1131 1547 1179 veniebant
1572 1132 1701 1180 enim
1731 1131 1905 1180 eodem

324 1212 481 1261 furore
522 1213 572 1261 in
613 1229 705 1273 me,
743 1228 842 1275 quo
883 1213 935 1261 in
973 1213 1190 1276 patriam,
1234 1212 1428 1261 incitati.
1498 1212 1781 1262 Iracundias
1822 1228 1905 1262 au-

324 1303 421 1343 tem
467 1295 639 1343 harum
685 1311 844 1343 rerum
891 1303 1108 1343 recentes
1156 1294 1430 1343 habebant:
1483 1295 1618 1358 quod
1665 1294 1905 1359 Lepidum

324 1378 557 1440 castigare
598 1393 700 1426 non
740 1378 1030 1435 destiteram,
1063 1385 1116 1424 ut
1152 1377 1478 1439 exstingueret
1515 1377 1721 1436 bellum;
1771 1378 1904 1440 quod

324 1459 565 1522 colloquia
605 1459 731 1507 facta
777 1459 1150 1523 improbabam3
1193 1458 1327 1522 quod
1367 1459 1554 1520 legatos
1597 1458 1691 1506 fide
1733 1458 1904 1521 Lepidi

323 1541 499 1588 missos
533 1540 594 1589 ad
629 1556 708 1588 me
741 1541 791 1587 in
825 1549 1144 1604 conspectum
1173 1540 1335 1587 venire
1366 1548 1637 1599 vetueram3
1676 1541 1811 1604 quod
1847 1540 1902 1590 C.

326 1622 519 1670 Catium
545 1623 816 1682 Vestinum,
842 1623 1091 1671 tribunum
1124 1622 1235 1680 mil„
1262 1622 1464 1668 missum
1496 1622 1559 1668 ab
1593 1622 1810 1669 Antonio
1844 1622 1907 1669 ad

324 1720 437 1751 eum
462 1720 575 1752 cum
603 1705 767 1752 litteris
801 1720 1090 1768 exceperam
1112 1721 1122 1751 ε
1159 1704 1210 1750 in
1235 1718 1333 1765 quo
1359 1703 1485 1752 hanc
1522 1703 1662 1765 capio
1688 1703 1904 1766 volupta-

325 1796 438 1846 tem,
464 1788 596 1851 quod
621 1794 762 1845 certe,
789 1802 887 1850 quo
912 1789 1067 1849 magis
1092 1801 1171 1833 me
1203 1786 1483 1848 petiverunt,
1509 1792 1643 1832 tanto
1673 1786 1906 1833 maiorem

325 1870 381 1917 iis
423 1868 663 1917 frustratio
705 1869 925 1917 dolorem
967 1868 1133 1916 attulit.
1208 1869 1252 1914 6.
1293 1865 1387 1925 Tu,
1430 1867 1496 1913 mi
1540 1865 1728 1925 Cicero,
1773 1867 1907 1930 quod

324 1950 483 1999 adhuc
516 1950 682 2010 fecisti,
709 1950 839 1998 idem
868 1958 1074 2013 praesta,
1100 1956 1152 1996 ut
1177 1948 1427 2010 vigilanter
1462 1962 1763 2010 nervoseque
1799 1964 1904 2007 nos,

326 2033 407 2096 qui
432 2040 614 2080 stamus
638 2033 688 2080 in
713 2033 831 2090 acie,
861 2033 1110 2079 subornes.
1182 2029 1361 2077 Veniat
1386 2028 1565 2077 Caesar
1594 2045 1704 2077 cum
1738 2032 1903 2094 copiis,

325 2130 446 2177 quas
482 2114 627 2162 habet
662 2114 976 2171 firmissimas,
1003 2121 1099 2172 aut,
1127 2113 1166 2160 si
1199 2112 1359 2175 ipsum
1394 2111 1553 2173 aliqua
1586 2126 1662 2159 res
1691 2112 1903 2175 impedit,

325 2197 561 2245 exercitus
594 2197 805 2261 mittatur
823 2212 835 2254 3
873 2195 1007 2243 cuius
1042 2195 1192 2258 ipsius
1231 2208 1465 2255 magnum
1501 2193 1766 2255 periculum
1804 2195 1903 2257 agi-

326 2288 424 2326 tur:
462 2277 690 2340 quicquid
715 2276 974 2340 aliquando
1000 2275 1213 2323 futurum
1233 2275 1320 2322 fuit
1343 2274 1393 2321 in
1418 2275 1583 2322 castris
1608 2275 1903 2336 perditorum

324 2369 491 2409 contra
518 2359 738 2422 patriam,
763 2358 857 2406 huc
889 2372 1037 2405 omne
1069 2358 1165 2406 iam
1200 2356 1438 2404 convenit.
1511 2355 1605 2403 Pro
1635 2357 1766 2405 urbis
1792 2373 1903 2406 vero

326 2443 475 2491 salute
511 2457 595 2490 cur
628 2457 729 2489 non
766 2441 992 2488 omnibus
1022 2439 1339 2497 facultatibus,
1366 2454 1487 2501 quas
1523 2438 1773 2498 habemus,
1800 2448 1903 2488 uta·

324 2525 463 2574 mur?
501 2523 649 2584 Quod
682 2524 721 2571 si
745 2538 832 2571 vos
862 2523 966 2571 istic
1000 2537 1103 2569 non
1136 2521 1392 2578 defueritis,
1420 2520 1652 2582 profecto,
1679 2522 1814 2586 quod
1842 2522 1903 2570 ad

324 2623 401 2654 me
452 2607 631 2665 attinet,
680 2607 906 2654 omnibus
955 2605 1097 2652 rebus
1156 2603 1349 2650 abunde
1397 2602 1464 2650 rei
1512 2602 1732 2664 publicae
1789 2604 1901 2652 satis

326 2690 511 2737 faciam.
586 2699 627 2750 7.
672 2687 748 2734 Te
790 2687 1000 2750 quidem,
1038 2686 1103 2732 mi
1144 2684 1332 2743 Cicero,
1368 2683 1419 2729 in
1462 2683 1564 2731 dies
1603 2683 1900 2734 mehercules

324 2770 481 2818 habeo
507 2770 741 2819 cariorem
768 2768 1209 2829 sollicitudinesque
1234 2781 1368 2812 meas
1395 2765 1607 2828 quotidie
1642 2766 1795 2827 magis
1819 2773 1901 2813 tua

2027 352 2040 421 ἑ
