2040 3048
317 113 415 151 120
762 108 823 148 M.
871 109 1069 146 TULLII
1106 107 1419 147 CICERONIS
1689 92 1801 166 [Pars
1827 105 1878 143 11.

309 251 401 299 ego
449 235 663 292 arbitror,
711 243 908 297 propter
955 235 1081 282 hanc
1127 235 1456 294 παλιγγενεσίαν
1509 239 1723 279 nostram
1781 245 1881 278 non

309 316 696 380 neglegendam:
748 331 843 379 qua
885 331 935 363 re
975 324 1026 363 tu
1064 329 1271 378 quoque,
1310 316 1375 361 mi
1418 314 1593 371 Attice,
1629 313 1786 376 incipe
1833 312 1881 360 id

310 413 501 464 cupere,
528 412 626 462 quo
652 412 742 446 nos
766 397 926 445 minus
952 397 1100 460 inepti
1126 396 1386 444 videamur.

614 534 693 578 43.
766 529 861 577 AD
897 527 1316 577 FAMILIARES
1354 527 1489 575 XIV.
1530 539 1573 588 5.

404 626 514 678 ScR.
550 626 769 675 Arnssms
804 642 848 674 A.
873 641 919 673 n.
957 641 1032 673 xv.
1071 623 1199 673 ΚΑΒ.
1238 623 1465 673 NOVEMB.
1503 638 1640 673 A.U.c.
1682 636 1793 686 704.

672 730 878 764 TULLms
912 729 949 763 s,
985 730 1031 762 n.
1067 728 1344 762 ΤΕΚΕΝΤῙΑΕ
1380 727 1515 761 SUAE.

384 828 425 862 1.
464 811 516 859 St
551 819 601 859 tu
637 819 683 858 et
717 809 889 868 Tullia,
926 809 1008 857 lux
1044 816 1221 866 nostra,
1248 808 1428 866 valetis,
1464 823 1558 871 ego
1586 818 1632 857 et
1665 811 1885 858 suavissi-

310 909 419 942 mus
459 892 631 942 Cicero
673 892 899 940 valemuS.
972 889 1048 937 Pr.
1087 889 1204 937 Idus
1248 888 1356 938 Oct.
1394 889 1615 938 Athenas
1655 893 1885 951 venimus,

311 990 422 1023 cum
449 989 564 1022 sane
590 973 800 1021 adversis
832 972 987 1019 ventis
1012 971 1086 1018 usi
1120 986 1339 1019 essemus
1377 971 1606 1034 tardeque
1631 980 1678 1020 et
1702 973 1885 1020 incom-

311 1056 458 1104 mode
481 1054 859 1117 navigassemus,
931 1052 1008 1100 De
1042 1067 1163 1100 nave
1197 1054 1482 1100 exeuntibus
1515 1054 1658 1102 nobis
1680 1053 1886 1102 Acastus

312 1153 425 1187 cum
482 1136 648 1184 litteris
697 1142 890 1199 praesto
943 1134 1030 1182 fuit
1077 1149 1178 1182 uno
1227 1143 1275 1183 et
1321 1135 1586 1183 vicensimo
1633 1136 1722 1194 die,
1771 1151 1887 1184 sane

312 1228 519 1269 strenue.
589 1216 773 1279 Accepi
808 1224 914 1264 tuas
950 1216 1140 1274 litteraS‚
1177 1216 1351 1279 quibus
1398 1216 1606 1265 intellexi
1647 1226 1693 1265 te
1740 1221 1886 1267 vereri

312 1317 374 1351 ne
422 1299 693 1363 superiores
740 1298 858 1346 mihi
905 1298 1119 1347 redditae
1170 1313 1270 1346 non
1312 1306 1501 1347 essent:
1560 1314 1732 1348 omnes
1779 1308 1890 1348 sunt

312 1382 525 1432 redditae
563 1380 1024 1443 diligentissimeque
1067 1396 1095 1428 a
1133 1389 1179 1428 te
1228 1381 1492 1444 perscripta
1534 1390 1644 1428 sunt
1689 1385 1853 1431 omnia
1873 1400 1885 1442 ;

312 1467 456 1528 idque
480 1462 596 1510 mihi
621 1461 947 1524 gratissimum
972 1461 1072 1511 fuit.
1144 1461 1318 1524 Neque
1344 1477 1451 1509 sum
1476 1462 1738 1512 admiratus
1763 1464 1888 1514 hanc

312 1545 581 1609 epistolam,
607 1557 755 1605 quam
778 1543 986 1591 Acastus
1011 1543 1177 1602 attulit,
1203 1544 1397 1590 brevem
1422 1543 1568 1591 fuisse
1587 1560 1599 1603 3
1638 1545 1733 1593 iam
1759 1547 1886 1594 enirn

311 1644 391 1676 me
426 1627 587 1688 ipsum
623 1632 876 1688 exspectas
913 1625 1010 1673 sive
1058 1640 1149 1673 nos
1197 1625 1343 1687 ipsos,
1381 1625 1463 1687 qui
1506 1626 1700 1688 quidem
1742 1643 1887 1691 quarn

312 1711 521 1774 primurn
553 1706 616 1755 ad
647 1722 735 1756 vos
767 1708 927 1755 venire
953 1708 1188 1770 cupimus,
1215 1707 1316 1765 etsi,
1342 1707 1391 1754 in
1427 1722 1573 1769 quam
1602 1724 1703 1756 rem
1735 1711 1887 1772 publi-

313 1806 420 1840 cam
468 1790 729 1847 veniamus,
779 1789 1038 1851 intellego:
1096 1789 1305 1851 cognovi
1352 1788 1481 1836 enirn
1528 1804 1588 1837 ex
1630 1791 1888 1839 multorum

313 1874 577 1923 amicorum
623 1871 801 1930 litteris,
850 1886 971 1934 quas
1019 1871 1173 1919 attulit
1222 1870 1444 1927 Acastus,
1496 1871 1558 1918 ad
1606 1886 1740 1920 arma
1784 1888 1886 1920 rem

313 1964 543 2019 spectare,
581 1961 634 2001 ut
680 1953 810 2012 mihi,
854 1969 964 2001 cum
1008 1968 1200 2012 venero,
1250 1952 1549 2000 dissimulare
1590 1967 1690 2000 non
1735 1953 1886 2014 liceat,

313 2037 428 2101 quid
465 2035 684 2085 sentiam.
756 2033 867 2093 Sed,
905 2035 1136 2097 quoniam
1175 2034 1427 2083 subeunda
1463 2033 1655 2082 fortuna
1701 2043 1786 2094 est,
1828 2051 1887 2085 eo

314 2120 449 2168 citius
474 2117 696 2164 dabimus
724 2130 938 2178 operam,
963 2124 1016 2164 ut
1047 2117 1311 2173 veniamus,
1338 2130 1435 2178 quo
1473 2114 1656 2162 facilius
1692 2116 1752 2164 de
1788 2126 1888 2166 tota

313 2217 364 2251 re
406 2198 739 2247 deliberemuS.
809 2197 890 2245 Tu
931 2198 1086 2255 velim,
1124 2198 1257 2259 quod
1299 2196 1562 2245 commodo
1608 2196 1887 2246 valetudinis

314 2294 423 2333 tuae
449 2281 543 2338 fiat,
569 2294 716 2343 quam
748 2279 1028 2342 longissime
1069 2280 1250 2343 poteris
1282 2279 1473 2326 obviam
1499 2278 1641 2325 nobis
1666 2280 1883 2341 prodeas.

318 2382 362 2414 2.
398 2363 474 2411 De
522 2361 781 2410 hereditate
829 2361 1072 2420 Preciana,
1121 2356 1245 2424 quae
1293 2361 1489 2423 quidem
1546 2359 1661 2407 mihi
1707 2376 1886 2423 magno

314 2445 469 2496 dolori
515 2443 794 2493 est—valde
842 2443 971 2490 enim
1019 2443 1151 2490 illum
1198 2443 1435 2499 amavi—,
1480 2441 1565 2489 sed
1611 2441 1706 2489 hoe
1747 2443 1886 2490 velim

317 2541 483 2581 cures:
521 2525 560 2573 si
585 2525 744 2573 auctio
770 2533 880 2573 ante
913 2539 1075 2572 meum
1102 2524 1362 2571 adventum
1393 2522 1487 2580 fiet,
1512 2531 1564 2570 ut
1588 2521 1886 2584 Pomponius

315 2620 410 2670 aut,
436 2610 474 2656 si
499 2609 538 2656 is
562 2608 722 2655 minus
747 2607 934 2669 poterit,
962 2604 1192 2653 Camillus
1226 2614 1444 2652 nostrum
1469 2605 1716 2666 negotium
1741 2614 1884 2653 curet.

316 2694 422 2741 Nos
448 2705 559 2739 cum
584 2688 698 2736 salvi
723 2689 1006 2746 venerimus,
1028 2687 1213 2750 >reliqua
1237 2702 1322 2749 per
1346 2700 1439 2734 nos
1465 2700 1696 2747 agemus;
1733 2686 1807 2732 sin
1836 2695 1883 2733 tu

314 2777 406 2826 iam
444 2773 605 2822 Roma
640 2770 855 2835 profecta
890 2769 996 2827 eris,
1034 2777 1196 2816 tamen
1233 2768 1434 2825 curabiS,
1472 2775 1524 2815 ut
1561 2767 1656 2815 hoc
1692 2767 1755 2814 ita
1791 2767 1883 2815 fiat.
