2040 3048
302 114 372 166 94
758 111 820 150 M.
867 109 1067 149 TULLII
1104 109 1416 148 CICERONIS
1679 97 1794 164 [rm
1821 106 1877 144 11.

305 233 485 281 Cruris*
512 234 688 297 repulsi
731 234 912 282 voltum
954 249 1054 281 non
1093 233 1278 282 vidisse.
1349 232 1415 279 At
1456 246 1552 294 qua
1593 245 1693 294 spe,
1733 243 1879 292 quam

305 323 434 362 certa
471 316 700 378 opinione
738 315 1079 364 descenderat!
1124 329 1271 378 quam
1307 314 1415 376 ipso
1452 312 1695 360 diffidente
1731 310 1879 358 Dola-

304 396 455 443 bella!
505 404 551 443 et
587 396 818 455 hercules,
863 396 952 444 nisi
989 396 1139 444 nostri
1181 395 1366 457 equites
1407 393 1594 441 acutius
1635 392 1876 449 vidissent,

306 492 458 539 paene
514 478 815 526 concedente
872 478 1142 525 adversario
1200 484 1484 539 superasset.
1574 491 1615 522 2.
1652 473 1776 521 Illud
1831 481 1877 520 te

304 573 406 605 non
455 558 655 606 arbitror
694 559 930 617 miratum,
973 558 1245 617 Servaeum,
1286 558 1589 620 designatum
1636 555 1878 603 tribunum

304 640 383 702 pl„
415 640 812 698 condemnatum,
843 642 892 688 in
922 640 1056 688 cuius
1089 640 1253 688 locum
1282 638 1338 687 C.
1364 637 1511 686 Curio
1549 637 1679 700 petit.
1753 636 1880 683 Sane

308 738 454 787 quam
502 723 669 770 incutit
715 722 891 780 multis,
934 722 1015 784 qui
1062 737 1173 770 eum
1221 722 1590 783 facilitatemque
1637 719 1739 767 eius
1780 733 1881 766 non

308 813 500 862 norunt,
531 819 767 866 magnum
803 811 986 852 metum
1002 820 1015 863 3
1054 804 1153 861 sed,
1184 811 1237 851 ut
1272 818 1414 866 spero
1443 811 1491 850 et
1521 802 1631 849 volo
1666 808 1715 848 et
1745 809 1797 848 ut
1830 815 1881 847 se

307 887 396 935 fert
437 888 555 950 ipse,
589 888 749 936 bonos
790 895 837 935 et
878 895 1100 935 senatum
1141 887 1313 945 malet3
1358 895 1500 944 totus,
1534 893 1587 933 ut
1628 900 1758 932 nunc
1793 891 1878 941 est,

305 971 400 1018 hoc
442 970 648 1017 scaturit.
722 969 883 1017 Huius
926 978 1087 1018 autem
1130 969 1384 1017 voluntatis
1420 968 1608 1015 initium
1643 975 1691 1016 et
1732 982 1879 1016 causa

305 1060 389 1109 est,
417 1051 551 1114 quod
585 1066 696 1098 eum
728 1066 831 1099 non
864 1051 1170 1099 mediocriter
1196 1051 1390 1109 Caesar,
1416 1050 1499 1112 qui
1534 1050 1656 1098 solet
1688 1049 1876 1097 infimo-

305 1148 412 1180 rum
438 1131 692 1179 hominum
725 1131 982 1179 amicitiam
1009 1132 1098 1179 sibi
1124 1131 1335 1194 qualibet
1359 1131 1578 1194 impensa
1602 1130 1878 1192 adiungere,

305 1213 442 1261 valde
475 1213 798 1276 contempsit;
842 1228 939 1276 qua
970 1213 1020 1260 in
1052 1228 1103 1260 re
1135 1213 1251 1260 mihi
1284 1212 1468 1261 videtur
1499 1212 1614 1260 illud
1646 1227 1880 1275 perquam

305 1303 504 1343 venuste
552 1294 796 1353 cecidisse,
835 1294 968 1358 quod
1014 1310 1044 1342 a
1088 1295 1281 1358 reliquis
1327 1309 1523 1358 quoque
1573 1290 1747 1360 [usque
1794 1291 1878 1359 eo]

305 1386 377 1425 est
429 1375 837 1435 animadversum,
886 1384 939 1424 ut
992 1375 1151 1434 Curio,
1200 1377 1281 1439 qui
1333 1376 1450 1423 nihil
1497 1376 1700 1425 consilio
1752 1375 1878 1433 facit,

304 1459 487 1508 ratione
519 1466 566 1506 et
598 1458 780 1506 insidiis
811 1473 927 1506 usus
959 1458 1195 1506 videretur
1230 1459 1280 1505 in
1305 1458 1536 1506 evitandis
1568 1458 1624 1505 iis
1650 1458 1874 1517 consiliis,

306 1538 330 1564 *
360 1539 383 1565 *
411 1541 494 1603 qui
543 1555 594 1588 se
638 1540 943 1588 intenderant
990 1540 1283 1589 adversarios
1324 1540 1374 1587 in
1414 1540 1516 1588 eius
1557 1541 1875 1588 tribunatum:

306 1622 498 1670 Laelios
533 1630 581 1669 et
616 1622 858 1670 Antonios
893 1630 941 1669 et
974 1621 1025 1669 id
1058 1637 1213 1684 genus
1248 1622 1458 1670 valentes
1494 1622 1618 1670 dico.
1648 1634 1650 1636 ’
1691 1638 1734 1683 3.
1771 1622 1878 1669 Has

307 1719 400 1766 ego
436 1703 519 1751 tibi
553 1703 731 1751 litteras
764 1717 823 1751 eo
855 1703 1036 1751 maiore
1067 1704 1176 1751 misi
1210 1703 1468 1762 intervallo,
1494 1703 1628 1765 quod
1660 1704 1874 1752 comitio-

307 1801 413 1832 rum
446 1784 698 1832 dilationes
734 1785 1111 1847 occupatiorem.
1132 1800 1211 1833 me
1247 1785 1490 1833 habebant
1522 1793 1568 1832 et
1600 1793 1879 1848 exspectare

307 1867 356 1914 in
381 1867 483 1914 dies
509 1866 689 1912 exitum
713 1866 969 1928 cogebant,
995 1874 1048 1913 ut
1081 1866 1314 1915 confectis
1336 1867 1563 1914 omnibus
1592 1874 1638 1914 te
1671 1866 1879 1915 facerem

307 1949 571 1996 certiorem.
643 1946 723 1994 Ad
755 1946 1004 1996 Kalendas
1043 1947 1174 1996 Sext.
1199 1963 1353 2012 usque
1382 1948 1669 2011 exspectavi.
1739 1948 1879 1996 Prae-

307 2030 439 2076 toriis
485 2043 651 2075 morae
700 2028 940 2091 quaedam
981 2029 1263 2077 inciderunt.
1335 2028 1451 2077 Mea
1497 2045 1643 2092 porro
1686 2030 1881 2077 comitia

308 2125 454 2174 quem
479 2117 702 2157 eventurn
739 2110 833 2156 sint
861 2109 1094 2167 habitura,
1122 2111 1317 2170 nescio;
1354 2111 1640 2172 opinionem
1669 2111 1880 2173 quidem,

308 2191 442 2253 quod
474 2191 537 2239 ad
572 2190 771 2237 Hirrum
808 2191 986 2249 attinet,
1014 2191 1344 2239 incredibilem
1380 2192 1604 2240 aedilium
1640 2194 1703 2255 pl.
1729 2194 1880 2241 comi-

307 2273 383 2320 tiis
425 2280 566 2320 nacta
616 2279 738 2319 sunt.
811 2271 942 2319 Nam
979 2271 1048 2319 M.
1088 2271 1308 2320 Coelium
1343 2273 1652 2321 Vinicianum
1700 2275 1882 2322 mentio

307 2353 386 2400 illa
433 2353 576 2410 fatua,
621 2367 768 2415 quam
816 2353 1134 2406 deriseramus
1182 2354 1310 2411 olim,
1361 2363 1407 2402 et
1454 2355 1773 2418 promulgatio
1821 2355 1882 2403 de

310 2435 539 2482 dictatore
577 2434 735 2481 subito
775 2434 946 2481 deiecit
981 2442 1030 2481 et
1065 2434 1303 2483 deiectum
1340 2450 1521 2498 magno
1557 2436 1766 2489 clamore
1809 2437 1879 2487 in->

310 2523 473 2562 secuta
519 2523 620 2573 est;
683 2514 794 2562 inde
851 2514 1050 2573 Hirrum
1099 2517 1256 2564 cuncti
1307 2516 1425 2572 iarn,
1456 2531 1556 2564 non
1609 2516 1880 2565 faciendum

311 2596 535 2658 flagitare.
610 2597 763 2658 Spero
800 2603 846 2643 te
885 2596 1094 2644 celeriter
1131 2605 1178 2644 et
1214 2597 1273 2644 de
1310 2598 1464 2655 nobis,
1498 2598 1630 2660 quod
1666 2599 1879 2659 sperasti,

310 2685 356 2723 et
389 2676 447 2723 de
481 2677 574 2734 illo,
603 2677 735 2738 quod
764 2678 841 2724 vix
875 2691 1064 2738 sperare
1099 2693 1243 2726 ausus
1276 2694 1342 2735 es,
1370 2678 1652 2726 auditurum.
1726 2693 1768 2736 4.
1805 2678 1879 2725 De

309 2771 359 2803 re
402 2757 594 2818 publica
635 2757 731 2805 iarn
775 2758 887 2805 novi
929 2757 1189 2821 quicquam
1231 2764 1507 2820 exspectare
1558 2758 1880 2818 desieramus;

2024 2954 2040 3048 uh·
2034 2902 2040 2906 ι
2032 2885 2034 2890 <
2030 2794 2040 2837 ιν..
