2040 3048
197 136 266 187 Ep.
300 123 411 191 101.]
512 130 700 172 EPIST.
741 130 822 168 AD
860 128 1232 169 FAMJLJARES
1269 129 1350 167 JV.
1400 132 1477 169 12.
1665 128 1768 184 215

195 265 378 313 circiter
412 262 532 311 hora
570 263 758 310 decima
794 261 951 309 noctis
976 261 1028 309 P.
1055 261 1344 318 Postumius,
1375 259 1617 307 familiaris
1653 259 1768 315 eiuS,

195 347 257 395 ad
299 362 377 395 me
413 346 540 394 venit
581 353 627 392 et
667 343 784 391 mihi
822 344 1054 391 nuntiavit
1093 342 1161 390 M.
1202 341 1500 400 Marcellum,
1536 341 1772 403 collegam

197 437 430 487 nostrum,
455 435 568 490 post
596 441 746 475 cenae
780 433 972 488 tempus
1005 440 1034 472 a
1058 424 1110 473 P.
1136 423 1305 487 Magio
1332 423 1517 482 Cilone,
1545 423 1774 472 familiare

197 512 313 569 eius,
349 510 563 574 pugione
598 523 882 571 percussum
918 522 1024 556 esse
1061 514 1108 555 et
1145 506 1243 554 duo
1276 506 1474 555 volnera
1511 506 1774 569 accepisse,

196 608 350 641 unum
383 593 433 640 in
469 590 736 649 stomacho,
767 590 968 638 alterum
1006 590 1055 636 in
1088 590 1244 651 capite
1276 588 1545 637 seeundum
1579 603 1775 648 aurem;

199 676 378 739 sperari
397 682 559 722 tamen
578 688 690 721 eum
709 673 865 720 vivere
891 687 1064 735 posse3
1091 671 1314 734 Magium
1334 687 1386 720 se
1405 671 1565 734 ipsum
1584 671 1776 719 interfe-

198 759 321 806 cisse
346 765 545 821 postea;
583 771 634 804 se
659 771 689 803 a
713 754 946 803 Marcello
971 754 1033 802 ad
1058 769 1137 801 me
1161 755 1364 802 missum
1397 769 1518 811 esse,
1543 755 1625 818 qui
1657 753 1778 802 haec

198 840 437 889 nuntiaret
461 848 506 887 et
530 846 736 902 rogaret,
754 839 822 886 uti
841 838 1059 886 medicos
1082 853 1294 900 cogerem.
1354 836 1509 899 Coe'gi
1526 844 1576 885 et
1593 852 1619 884 e
1639 837 1779 885 vesti-

198 923 281 986 gio
300 937 361 971 eo
381 937 489 970 sum
507 921 751 985 profectus
770 921 928 984 prima
945 920 1066 969 luce.
1126 919 1252 968 Cum
1271 935 1374 968 non
1393 920 1539 983 longe
1563 934 1593 967 a
1610 918 1779 966 Piraeo

200 1006 440 1063 abessem,
472 1020 593 1067 puer
624 1003 818 1052 Acidini
853 1004 1047 1051 obviam
1082 1002 1202 1050 mihi
1225 1003 1354 1050 venit
1389 1018 1501 1051 cum
1536 1001 1780 1060 codicillis,

201 1089 253 1135 in
291 1087 466 1150 quibus
514 1094 615 1135 erat
661 1086 906 1149 scriptum,
948 1085 1093 1148 paulo
1141 1093 1252 1133 ante
1294 1085 1454 1132 lucem
1496 1083 1782 1133 Marcellum

203 1170 333 1218 diem
358 1184 500 1218 suurn
525 1169 702 1217 obisse.
772 1168 848 1216 Ita
866 1168 936 1215 vir
960 1167 1249 1216 clarissimus
1274 1168 1336 1215 ab
1360 1167 1557 1215 homine
1590 1167 1784 1215 deterri-

204 1267 289 1300 mo
314 1252 625 1300 acerbissima
647 1258 803 1299 morte
836 1259 909 1298 est
935 1249 1167 1309 adfectus,
1194 1258 1254 1308 et,
1281 1250 1358 1297 cui
1381 1249 1562 1298 inimici
1586 1257 1786 1313 propter

206 1335 488 1396 dignitatem
522 1340 852 1397 pepercerant,
879 1332 1100 1380 inventus
1131 1339 1206 1379 est
1238 1333 1436 1390 amicus,
1462 1332 1544 1395 qui
1579 1332 1623 1379 ei
1655 1347 1786 1379 mor·

206 1425 306 1465 tem
364 1416 568 1464 offerret.
657 1432 700 1477 3.
756 1414 867 1476 Ego
914 1422 1078 1462 tamen
1138 1414 1202 1462 ad
1258 1414 1624 1462 tabernaculum
1683 1415 1786 1462 eius

206 1499 424 1562 perrexi:
462 1498 623 1546 inveni
649 1498 772 1545 duos
796 1496 991 1544 libertos
1016 1504 1063 1544 et
1087 1496 1322 1559 pauculos
1348 1511 1539 1555 servos;
1577 1496 1787 1559 reliquos

207 1582 398 1630 aiebant
422 1581 694 1644 profugisse
718 1588 853 1628 metu
876 1579 1168 1642 perterritOS‚
1195 1579 1329 1642 quod
1359 1579 1587 1627 dominus
1619 1594 1789 1628 eorum

209 1673 320 1712 ante
366 1662 730 1712 tabernaculum
778 1662 1056 1710 interfectus
1110 1670 1250 1710 esset.
1323 1660 1535 1710 Coactus
1582 1677 1691 1710 sum
1738 1663 1790 1711 in

209 1746 382 1793 eadem
416 1745 494 1793 illa
526 1745 710 1802 lectica,
737 1759 834 1807 qua
869 1744 973 1806 ipse
1011 1744 1196 1791 delatus
1232 1759 1380 1802 eram,
1406 1745 1624 1807 meisque
1658 1744 1790 1792 lecti-

211 1828 348 1876 cariis
388 1828 438 1875 in
474 1828 645 1874 urbem
687 1841 799 1874 eum
837 1826 1026 1884 referre,
1055 1826 1217 1888 ibique
1259 1841 1349 1890 pro
1388 1841 1446 1874 ea
1483 1827 1638 1889 copia,
1666 1842 1791 1891 quae

211 1909 417 1958 Athenis
459 1917 573 1967 erat,
616 1909 758 1957 sunus
801 1909 845 1956 ei
883 1908 998 1956 satis
1041 1908 1257 1971 amplum
1299 1907 1573 1956 faciendum
1616 1910 1791 1960 curavi.

212 1991 293 2040 Ab
341 1991 732 2050 AtheniensibuS,
781 1991 941 2039 locum
1002 1990 1273 2053 sepulturae
1331 1990 1456 2038 intra
1512 1992 1683 2039 urbem
1740 2000 1793 2040 ut

214 2075 398 2132 darent,
436 2075 690 2136 impetrare
725 2088 827 2121 non
864 2073 1013 2135 potui,
1051 2072 1184 2135 quod
1219 2071 1450 2134 religione
1487 2088 1539 2121 se
1574 2074 1793 2136 impediri

214 2158 452 2215 dicerent;
503 2170 661 2218 neque
696 2163 860 2203 tamen
894 2154 944 2202 id
980 2162 1123 2203 antea
1158 2155 1384 2217 cuiquam
1421 2165 1791 2205 concesserant:

214 2240 348 2303 quod
378 2239 655 2302 proximum
686 2237 788 2295 fuit,
816 2237 881 2285 uti
918 2237 967 2283 in
1000 2252 1099 2299 quo
1123 2237 1353 2285 vellemus
1389 2239 1645 2301 gymnasio
1681 2255 1794 2287 eum

217 2321 544 2385 sepeliremus,
571 2321 713 2369 nobis
737 2320 1071 2383 permiserunt.
1144 2319 1252 2368 Nos
1277 2321 1327 2367 in
1359 2321 1663 2370 nobilissimo
1689 2323 1795 2371 orbi

216 2413 448 2453 terrarum
491 2403 746 2465 gymnasio
782 2402 1078 2451 Academiae
1119 2402 1283 2449 locum
1325 2402 1591 2465 delegimus
1634 2405 1795 2468 ibique

217 2500 330 2533 eum
367 2485 738 2543 combussimus,
765 2491 1033 2547 posteaque
1069 2485 1354 2542 curavimus,
1378 2492 1431 2531 ut
1462 2485 1620 2533 eidem
1644 2487 1795 2535 Athe-

218 2568 411 2614 nienses
457 2566 508 2613 in
562 2565 735 2614 eodem
786 2566 898 2613 loco
955 2573 1327 2613 monumentum
1376 2567 1419 2613 ei
1471 2582 1796 2616 marmoreum

219 2646 495 2695 faciendum
520 2647 747 2695 locarent.
819 2647 906 2705 Ita,
933 2662 1057 2709 quae
1091 2655 1256 2695 nostra
1288 2648 1446 2696 officia
1478 2648 1681 2710 suerunt,
1708 2666 1797 2713 pro

222 2729 430 2790 collegio
466 2737 513 2776 et
535 2743 625 2791 pro
658 2729 1017 2791 propinquitate
1051 2737 1097 2777 et
1120 2730 1227 2778 vivo
1261 2738 1307 2778 et
1330 2739 1522 2779 mortuo
1557 2734 1721 2781 omnia
1754 2734 1796 2780 ei

223 2810 561 2877 praestitimus,
633 2809 766 2861 Vale.
839 2810 900 2859 D.
927 2826 997 2875 pr.
1024 2810 1132 2859 Kal.
1159 2811 1266 2860 Iun.
1337 2811 1556 2870 Athenis,
