2040 3048
111 98 179 149 Ep.
209 85 296 154 23.]
447 93 635 135 EPIST.
675 94 758 133 AD
798 93 1001 146 QUINT.
1041 94 1159 133 ΕΒΑ
1172 94 1219 134 T.
1258 96 1323 137 11.
1362 100 1411 153 3.
1617 84 1680 135 61

110 242 215 274 rum
253 225 567 273 offenderem.
640 222 740 273 Res
780 224 831 272 in
869 233 1116 287 posterum
1155 224 1300 272 dilata
1341 232 1415 284 est
1432 239 1446 283 3
1485 222 1687 272 Clodius

110 308 159 355 in
180 307 443 368 Quirinalia
466 305 677 370 prodixit
701 306 844 355 diem.
908 322 951 369 3.
988 306 1048 356 A.
1071 307 1115 355 d.
1140 322 1200 355 vl.
1227 306 1299 354 Id.
1326 306 1464 354 Febr.
1492 314 1688 355 senatus

110 390 171 437 ad
218 389 460 453 Apollinis
506 388 607 447 fuit,
654 397 707 436 ut
748 388 1012 451 Pompeius
1055 389 1262 437 adesset.
1335 389 1461 437 Acta
1497 404 1575 437 res
1617 397 1690 437 est

110 473 315 535 graviter
343 487 372 519 a
407 471 660 534 Pompeio,
730 470 808 519 Eo
844 471 920 519 die
957 471 1073 519 nihil
1102 471 1369 534 perfectum
1406 479 1491 519 est.
1562 471 1622 519 A.
1644 470 1690 519 d.

109 569 153 602 v.
189 554 260 602 Id.
291 554 430 603 Febr.
467 553 530 602 ad
565 553 806 616 Apollinis
835 562 1031 602 senatus
1068 554 1343 602 consultum
1377 555 1559 602 factum
1601 562 1690 613 est,

108 652 179 695 ea,
219 652 343 700 quae
390 636 518 685 facta
564 644 728 685 essent
770 652 812 684 a.
843 635 889 684 d.
937 651 1002 685 vr.
1044 635 1117 685 Id.
1165 636 1321 695 Febr„
1370 644 1542 685 contra
1587 651 1690 685 rem

109 720 351 783 publicam
399 734 505 768 esse
552 718 694 768 facta.
763 718 841 767 Eo
890 719 967 768 die
1016 717 1140 767 Cato
1181 719 1492 767 vehementer
1533 726 1606 766 est
1642 718 1691 765 in

109 802 398 866 Pompeium
435 802 651 850 invectus
687 809 736 850 et
771 817 883 849 eum
919 801 1137 850 oratione
1173 809 1407 864 perpetua
1441 809 1691 864 tamquam

108 901 244 933 reum
269 884 511 934 accusavit
525 900 537 944 ;
576 884 636 932 de
665 899 745 932 me
774 884 926 932 multa
949 899 1028 931 me
1053 884 1202 932 invito
1229 899 1342 932 cum
1366 899 1477 933 mea
1502 898 1692 932 summa

107 967 249 1016 laude
276 967 423 1015 dixit:
461 981 573 1015 cum
597 966 722 1014 illius
744 967 796 1013 in
815 981 894 1014 me
919 966 1173 1029 perfidiam
1197 966 1479 1029 increparet,
1500 967 1692 1015 auditus

108 1058 181 1098 est
204 1064 388 1112 magno
413 1049 602 1097 silentio
629 1048 992 1097 malevolorum.
1062 1048 1340 1112 Respondit
1363 1049 1407 1097 ei
1431 1048 1691 1096 vehemen-

107 1141 179 1180 ter
214 1131 476 1195 Pompeius
513 1130 841 1193 Crassumque
878 1131 1146 1194 descripsit,
1185 1132 1400 1195 dixitque
1437 1140 1601 1194 aperte
1641 1146 1692 1179 se

107 1214 418 1262 munitiorem
464 1213 528 1261 ad
571 1214 944 1262 custodiendam
991 1215 1138 1262 vitam
1193 1229 1330 1262 suam
1378 1213 1496 1273 fore,
1545 1229 1691 1276 quam

106 1295 362 1344 Africanus
385 1295 570 1354 fuisset,
596 1309 742 1358 quem
768 1294 825 1343 C.
852 1294 1014 1344 Carbo
1039 1296 1375 1344 interemisset.
1437 1311 1483 1355 4.
1521 1295 1692 1358 Itaque

106 1393 315 1441 magnae
347 1377 466 1425 mihi
491 1393 567 1426 res
590 1379 687 1425 iam
715 1378 898 1425 moveri
922 1378 1238 1426 videbantur:
1275 1393 1391 1426 nam
1429 1378 1691 1441 Pompeius

106 1459 226 1508 haec
261 1460 492 1522 intellegit
527 1460 883 1523 nobiscumque
932 1461 1273 1521 communicat,
1324 1460 1523 1509 insidias
1569 1462 1692 1508 vitae

106 1557 222 1591 suae
256 1542 372 1601 fieri,
405 1542 460 1591 C.
489 1542 730 1591 Catonem
764 1558 794 1590 a
827 1541 1007 1591 Crasso
1041 1543 1309 1602 sustentari,
1338 1542 1515 1592 Clodio
1547 1559 1691 1606 pecu-

105 1625 236 1673 niam
289 1625 597 1687 suppeditari‚
652 1634 910 1688 utrumque
958 1635 1005 1674 et
1051 1627 1114 1673 ab
1161 1641 1222 1674 eo
1271 1631 1322 1673 et
1381 1641 1411 1674 a
1462 1625 1691 1685 Curione,

107 1706 282 1755 Bibulo
330 1708 598 1770 ceterisque
638 1708 735 1755 suis
772 1708 1173 1756 obtrectatoribus
1223 1708 1512 1766 confirmari,
1551 1708 1693 1756 vehe-

106 1797 294 1837 menter
329 1805 435 1836 esse
471 1789 828 1851 providendum
853 1806 914 1837 ne
940 1791 1243 1852 opprimatur
1270 1791 1576 1839 contionario
1612 1791 1693 1839 illo

107 1871 292 1934 populo
312 1886 341 1919 a
366 1886 418 1918 se
441 1886 596 1934 prope
621 1872 847 1930 alienato,
872 1872 1121 1920 nobilitate
1146 1873 1358 1931 inimica,
1393 1888 1510 1921 non.
1533 1888 1692 1937 aequo

107 1962 292 2011 senatu,
318 1953 560 2000 iuventute
594 1954 831 2017 improba.
903 1953 1075 2018 Itaque
1103 1969 1154 2002 se
1179 1963 1443 2018 comparat,
1470 1955 1694 2003 homines

107 2050 168 2083 ex
204 2035 332 2097 agris
363 2036 590 2095 arcessit3
628 2051 803 2098 operas
838 2045 999 2084 autem
1032 2052 1146 2085 suas
1172 2036 1375 2085 Clodius
1408 2037 1692 2087 confirmat:

107 2131 281 2165 manus
314 2117 377 2165 ad
401 2116 672 2176 Quirinalia
706 2127 934 2181 paratur3
971 2119 1022 2166 in
1058 2134 1119 2167 eo
1157 2120 1310 2167 multo
1348 2134 1516 2168 sumus
1549 2135 1694 2182 supe-

107 2198 256 2246 riores
281 2198 432 2262 ipsius
457 2200 641 2263 copiis;
681 2209 729 2248 et
761 2216 942 2263 magna
965 2216 1142 2249 manus
1167 2217 1227 2249 ex
1253 2201 1435 2250 Piceno
1461 2210 1509 2251 et
1534 2201 1694 2251 Gallia

109 2288 429 2343 exspectatur,
462 2290 515 2329 ut
551 2282 694 2329 etiam
731 2281 934 2331 Catonis
970 2284 1304 2346 rogationibus
1339 2284 1399 2332 de
1424 2283 1610 2332 Milone
1646 2292 1696 2333 et

109 2359 317 2410 Lentulo
351 2363 643 2412 resistamus.
718 2376 760 2425 5.
790 2365 848 2412 A.
876 2366 921 2413 d.
955 2381 1042 2414 1111.
1080 2365 1197 2413 Idus
1234 2365 1374 2414 Febr.
1413 2366 1597 2415 Sestius
1633 2368 1694 2415 ab

110 2442 266 2491 indice
292 2443 384 2493 Cn.
410 2444 561 2494 Nerio
587 2446 795 2508 Pupinia
819 2447 1030 2496 ambitus
1053 2457 1126 2495 est
1150 2448 1421 2510 postulatus
1447 2458 1494 2497 et
1518 2449 1695 2497 eodem

110 2525 188 2573 die
219 2541 248 2573 a
281 2528 498 2589 quodam
538 2528 608 2576 M.
638 2529 801 2576 Tullio
837 2530 897 2577 de
931 2530 988 2577 vi.
1063 2530 1113 2579 Is
1146 2539 1247 2578 erat
1281 2546 1452 2594 aeger:
1492 2532 1691 2580 domum

109 2617 163 2657 ut
210 2609 481 2670 debuimus,
531 2610 593 2659 ad
641 2626 753 2660 eum
791 2613 953 2661 statim
989 2613 1209 2661 venimus
1247 2613 1387 2676 eique
1424 2629 1516 2662 nos
1565 2622 1694 2663 totos

113 2690 414 2750 tradidimus,
452 2692 597 2757 idque
640 2693 841 2742 fecimus
879 2703 1067 2758 praeter
1103 2695 1354 2743 hominum
1394 2696 1693 2759 opinionem,

112 2773 194 2835 qui
242 2787 334 2822 nos
383 2773 426 2822 ei
473 2774 572 2823 iure
621 2789 905 2825 succensere
955 2777 1204 2838 putabant,
1261 2785 1312 2825 ut
1359 2778 1695 2828 humanissimi
