2040 3048
179 167 247 220 Ep.
274 154 368 224 88.]
520 163 705 206 EPJST.
745 163 828 202 AD
864 161 1238 201 FAMILIARES
1274 161 1374 200 VII.
1417 164 1465 218 3.
1655 164 1749 217 191

175 308 280 359 est3
335 312 419 347 cur
452 305 689 361 optarem,
726 295 905 342 multae
942 308 1116 342 causae
1149 308 1162 352 ;
1199 299 1335 340 vetus
1377 299 1449 339 est
1492 289 1636 349 enim,
1673 291 1756 338 ubi

176 396 276 430 non
319 381 383 429 sis
416 379 507 443 'qui
544 378 704 436 fueriS,
741 393 843 425 non
885 392 993 425 esse
1035 392 1118 424 cur
1154 375 1270 423 velis
1305 375 1476 422 vivere.
1551 373 1648 421 Sed
1689 380 1757 420 ta-

175 478 290 510 men
313 477 483 510 vacare
516 460 658 523 culpa
689 475 924 522 magnum
957 465 1030 507 est
1059 458 1309 516 solacium,
1335 457 1618 521 praesertim
1647 472 1758 505 cum

176 544 382 592 habeam
420 544 540 591 duas
575 557 665 600 reS,
703 542 879 604 quibus
914 556 994 589 me
1030 548 1307 598 sustentem,
1348 540 1639 602 optimarum
1687 556 1759 587 ar-

176 626 295 675 tium
344 625 593 674 scientiam
630 632 677 672 et
711 624 1035 671 maximarum
1067 638 1225 670 rerum
1264 622 1468 684 gloriam
1487 637 1501 681 ς
1557 637 1760 685 quarum

176 709 325 757 altera
366 708 483 755 mihi
524 708 632 755 vivo
674 721 942 768 numquam
991 705 1230 768 eripietur,
1272 704 1419 751 altera
1466 719 1528 751 ne
1570 713 1761 752 mortuo

176 791 388 854 quidem.
462 802 504 851 5.
545 789 686 838 Haec
719 789 782 837 ad
818 797 864 837 te
901 787 1072 851 scripsi
1105 787 1354 835 verbosius
1386 793 1435 834 et
1468 786 1554 833 tibi
1586 786 1763 834 moles-

176 882 253 922 tus
299 871 382 932 fui,
430 872 565 936 quod
612 880 658 920 te
706 886 817 920 cum
865 871 974 928 mei,
1018 877 1122 917 tum
1169 869 1238 917 rei
1283 869 1506 932 publicae
1554 870 1762 932 cognovi

177 955 576 1004 amantissimum.
648 954 835 1002 Notum
869 954 954 1001 tibi
987 968 1136 1000 omne
1169 967 1334 999 meum
1367 952 1624 1000 consilium
1657 969 1762 1001 esse

178 1037 321 1096 volui,
346 1045 400 1086 ut
424 1037 635 1100 primum
661 1037 807 1085 scires
831 1051 911 1084 me
937 1050 1206 1098 numquam
1231 1034 1439 1082 voluisse
1463 1035 1571 1097 plus
1597 1034 1763 1099 quem-

177 1135 325 1183 quam
358 1135 506 1182 posse
536 1135 683 1182 quam
720 1119 995 1166 universam
1032 1133 1136 1164 rem
1172 1117 1446 1180 publicam3
1484 1126 1656 1179 postea
1680 1134 1764 1166 au-

177 1211 276 1251 tem
311 1217 458 1266 quam
495 1201 695 1250 alicuius
729 1201 871 1262 culpa
903 1208 1092 1247 tantum
1127 1199 1305 1246 valeret
1336 1214 1476 1256 unus,
1508 1207 1559 1247 ut
1596 1201 1765 1249 obsisti

178 1300 281 1333 non
318 1292 498 1348 posset,
536 1299 616 1331 me
652 1283 859 1331 voluisse
896 1298 1107 1345 pacem3
1157 1282 1339 1329 amisso
1377 1282 1585 1330 exercitu
1622 1290 1669 1330 et
1705 1299 1764 1331 eo

179 1368 316 1425 duce,
343 1366 392 1413 in
425 1365 524 1429 quo
559 1380 671 1428 spes
708 1365 862 1412 fuerat
895 1379 1010 1423 uno,
1036 1380 1115 1412 me
1149 1364 1359 1412 voluisse
1393 1364 1538 1412 etiam
1571 1366 1764 1429 reliquis

177 1449 431 1507 omnibus;
466 1454 726 1510 postquam
751 1461 853 1494 non
878 1445 1136 1508 potuerim,
1162 1445 1279 1492 mihi
1304 1445 1395 1508 ipsi
1421 1445 1567 1493 finem
1593 1447 1765 1495 fecisse

176 1530 287 1578 belli
307 1545 320 1590 ;
359 1545 490 1577 nunc
533 1537 709 1587 autem,
750 1528 791 1577 si
827 1528 947 1576 haec
983 1528 1148 1576 civitas
1191 1536 1276 1586 est,
1318 1528 1472 1576 civem
1509 1544 1617 1577 esse
1654 1545 1732 1577 me
1751 1547 1763 1589 ;

178 1613 218 1661 si
256 1627 370 1670 non,
408 1611 626 1659 exsulem
663 1625 770 1658 esse
806 1600 909 1658 non
945 1610 1335 1658 incommodiore
1370 1610 1498 1668 loco,
1537 1626 1684 1674 quam
1728 1612 1766 1660 si

179 1694 413 1742 Rhodum
447 1709 514 1741 me
546 1701 626 1740 aut
657 1692 918 1755 Mytilenas
954 1692 1283 1740 contulissem.
1357 1692 1400 1738 6.
1440 1692 1580 1741 Haec
1605 1702 1765 1742 tecum

179 1790 345 1824 coram
390 1776 690 1834 malueram3
748 1774 836 1822 sed
884 1774 997 1836 quia
1045 1774 1238 1836 longius
1292 1773 1450 1833 fiebat,
1499 1775 1627 1822 volui
1680 1792 1766 1839 per

178 1860 357 1906 litteras
397 1857 584 1914 eadem,
627 1864 680 1904 ut
721 1856 939 1914 haberes,
981 1856 1099 1918 quid
1140 1856 1340 1915 diceres,
1384 1857 1424 1904 si
1470 1858 1668 1919 quando
1715 1859 1766 1906 in

179 1941 527 2003 vituperatores
559 1952 699 1986 meos
733 1938 982 1986 incidisses
1006 1955 1021 1998 3
1058 1945 1171 1986 sunt
1204 1939 1333 1985 enim
1359 1939 1455 2002 qui,
1482 1955 1595 1987 cum
1627 1955 1766 1990 meus

180 2023 396 2071 interitus
443 2020 560 2068 nihil
617 2020 758 2068 fuerit
813 2021 881 2068 rei
937 2018 1159 2082 publicae
1213 2019 1505 2082 profuturus,
1555 2022 1766 2072 criminis

179 2105 292 2153 loco
340 2111 510 2167 putent
558 2117 678 2161 esse,
720 2102 855 2165 quod
901 2102 1074 2161 vivam,
1116 2103 1291 2165 quibus
1341 2118 1434 2164 ego
1484 2113 1615 2152 certo
1663 2107 1766 2154 scio

180 2202 282 2235 non
324 2186 471 2234 videri
521 2185 633 2233 satis
676 2183 855 2232 multos
898 2184 1108 2247 perisse:
1158 2185 1255 2246 qui,
1301 2185 1341 2232 si
1382 2199 1462 2232 me
1505 2186 1766 2246 audissent,

181 2269 399 2331 quamvis
446 2267 609 2331 iniqua
662 2281 799 2329 pace,
846 2266 1050 2314 honeste
1110 2274 1274 2313 tamen
1319 2266 1532 2316 viverent
1549 2284 1563 2328 3
1623 2271 1768 2318 armis

182 2351 312 2398 enim
358 2349 622 2407 inferiores,
662 2363 764 2396 non
813 2364 960 2396 causa
1006 2347 1221 2396 fuissent.
1294 2347 1464 2396 Habes
1512 2351 1767 2412 epistolam

184 2433 514 2481 verbosiorem
553 2418 769 2490 fortasse,
814 2446 962 2494 quam
1004 2430 1177 2479 velles:
1229 2431 1364 2493 quod
1406 2431 1490 2479 tibi
1533 2432 1597 2481 ita
1622 2435 1769 2482 videri

183 2515 381 2578 putabo,
430 2513 523 2562 nisi
569 2513 687 2560 mihi
734 2513 1007 2576 longiorem
1055 2513 1308 2561 remiseris
1383 2512 1508 2575 Ego,
1549 2515 1601 2574 si,
1645 2531 1769 2579 quae

184 2597 307 2655 v010,
336 2595 610 2658 expedierO,
635 2594 767 2643 brevi
791 2602 1011 2658 tempore
1036 2602 1098 2654 te,
1121 2603 1174 2641 ut
1199 2608 1358 2657 sper0,
1384 2594 1573 2643 videbo,
