2040 3048
277 99 378 155 170
725 98 789 138 M.
833 98 1031 137 TULLJJ
1069 99 1379 139 CICERONIS
1628 84 1740 159 [pars
1769 102 1841 141 111.

271 239 406 272 meae
432 237 521 287 pro
547 231 630 272 tuo
665 224 713 271 in
747 238 838 271 nos
875 238 1039 271 amore
1074 238 1174 271 non
1208 223 1438 288 indigent.
1510 223 1615 272 Nec
1652 225 1842 274 hercule

271 320 365 369 ego
390 305 585 368 quidem
611 305 813 368 reperio,
834 305 949 368 quid
975 306 1180 354 scribam
1189 321 1203 366 3
1240 306 1389 355 sedeo
1414 306 1543 354 enirn
1567 309 1843 355 πλουδοκῶνε

271 387 359 436 etsi
393 386 507 433 nihil
540 402 773 448 umquam
807 395 906 436 tam
939 387 1025 436 fuit
1059 388 1366 436 scribendum
1400 403 1548 450 quam
1581 388 1698 436 nihil
1728 389 1843 437 mihi

272 483 502 531 umquam
536 484 595 516 ex
622 468 836 531 plurimis
870 469 961 516 tuis
994 469 1368 518 iucunditatibus
1401 471 1581 532 gratius
1613 471 1844 519 accidisse

271 565 418 613 quam
455 550 587 614 quod
623 566 783 598 meam
821 550 1033 599 Tulliam
1069 552 1348 600 suavissime
1388 551 1845 617 diligentissimeque

272 631 664 681 coluisti—valde
713 647 773 680 eo
822 633 928 696 ipsa
976 633 1210 682 delectata
1261 642 1346 692 est,
1395 649 1488 696 ego
1536 642 1697 682 autem
1745 650 1846 684 non

272 714 515 772 minus—,
553 715 689 763 cuius
724 715 922 778 quidem
958 716 1103 764 virtus
1139 716 1352 764 mirifica.
1425 715 1539 774 Quo
1578 717 1730 765 modo
1771 718 1847 766 illa

274 797 362 844 fert
409 797 653 859 publicam
702 798 920 846 cladem!
972 812 1070 861 quo
1117 797 1270 846 modo
1327 798 1621 847 domesticas
1672 800 1847 848 tricas!

273 887 481 942 quantus
507 886 667 927 autem
698 879 888 927 animus
914 880 963 926 in
995 880 1212 928 discessu
1242 882 1438 928 nostro!
1474 888 1547 928 est
1570 882 1751 942 στοργή,
1775 890 1848 931 est

273 975 465 1009 summa
496 961 725 1021 σύντηξιςε
762 969 925 1009 tamen
962 976 1053 1009 nos
1086 969 1214 1009 recte
1247 961 1405 1011 facere
1442 970 1488 1010 et
1523 963 1648 1010 bene
1685 964 1849 1012 audire

273 1044 384 1091 volt.
460 1058 534 1090 10.
578 1042 675 1091 Sed
710 1043 801 1091 hac
838 1059 982 1106 super
1019 1060 1069 1091 re
1107 1044 1266 1102 nimis,
1303 1059 1366 1091 ne
1403 1059 1564 1092 meam
1598 1045 1703 1107 ipse
1739 1067 1849 1105 συμ-

273 1127 448 1172 πάθειαν
471 1126 567 1172 iam
593 1140 808 1174 evocem.
881 1126 975 1183 Tu,
1003 1126 1043 1174 si
1074 1126 1190 1188 quid
1225 1126 1285 1174 de
1311 1126 1565 1189 Hispaniis
1598 1128 1772 1176 certius
1804 1137 1851 1176 et

274 1207 314 1255 si
338 1206 454 1270 quid
478 1207 622 1266 aliud,
648 1208 765 1256 dum
790 1209 1038 1267 adsumus,
1066 1209 1246 1256 scribes
1270 1216 1317 1256 et
1342 1223 1436 1270 ego
1462 1208 1664 1257 fortasse
1698 1211 1852 1258 disce-

275 1290 395 1338 dens
428 1287 557 1337 dabo
590 1289 652 1338 ad
685 1298 731 1337 te
763 1290 955 1352 aliquid,
981 1305 1041 1338 eo
1076 1290 1220 1338 etiam
1254 1291 1425 1353 magis,
1460 1290 1591 1354 quod
1617 1291 1778 1340 Tullia
1805 1301 1852 1341 te

274 1386 376 1419 non
410 1371 608 1434 putabat
640 1371 734 1420 hoc
767 1379 986 1434 tempore
1020 1388 1080 1419 ex
1105 1371 1254 1420 Italia.
1330 1370 1456 1419 Cum
1485 1373 1704 1422 Antonio
1736 1375 1851 1423 item

274 1460 347 1502 est
388 1453 648 1515 agendum,
688 1460 740 1501 ut
780 1469 892 1502 cum
935 1452 1162 1512 Curione,
1201 1453 1398 1502 Melitae
1439 1470 1518 1502 me
1557 1455 1699 1503 velim
1729 1472 1851 1516 esse,

275 1536 386 1584 huic
411 1535 538 1583 bello
568 1535 697 1583 nolle
729 1536 990 1584 interesse:
1027 1551 1087 1584 eo
1111 1536 1254 1583 velim
1286 1544 1384 1583 tam
1413 1536 1539 1584 facili
1567 1538 1636 1585 uti
1667 1539 1852 1602 possim

277 1627 322 1666 et
351 1626 449 1665 tam
477 1618 613 1665 bono
646 1617 696 1665 in
731 1633 810 1672 me
847 1633 994 1680 quam
1031 1617 1258 1666 Curione.
1334 1619 1384 1668 Is
1420 1619 1481 1666 ad
1518 1618 1766 1669 Misenum
1788 1637 1853 1670 vr.
1937 1664 1940 1666 ,

279 1701 451 1750 Nonas
470 1707 698 1749 venturus
724 1701 985 1759 dicebatur,
1005 1701 1054 1749 id
1078 1709 1152 1749 est
1175 1700 1336 1759 hodie,
1357 1701 1443 1750 sed
1467 1703 1712 1764 praemisit
1736 1703 1852 1751 mihi

279 1785 475 1833 odiosas
500 1784 679 1831 litteras
702 1783 796 1831 hoc
822 1783 1062 1846 exemplo.

631 1916 708 1960 72.
778 1912 874 1960 AD
909 1911 1235 1961 ATTICUM
1272 1911 1332 1959 X.
1373 1915 1401 1959 8
1439 1912 1499 1960 A.

400 2012 666 2058 ‘ANTONIUS
702 2024 827 2058 TRIB.
867 2026 937 2059 PL·
977 2026 1079 2059 PRO.
1119 2026 1191 2057 PR.
1231 2026 1454 2060 CICERONI
1490 2026 1587 2058 IMP.
1626 2026 1724 2059 SAL.

355 2120 394 2152 1.
432 2103 542 2152 Nrs1
575 2111 620 2150 te
647 2105 783 2152 valde
817 2120 1047 2164 amarem,
1074 2114 1121 2153 et
1146 2106 1298 2153 multo
1324 2107 1522 2168 quidem
1554 2107 1676 2169 plus,
1706 2123 1853 2170 quam

280 2195 332 2236 tu
367 2194 522 2250 putas,
549 2201 651 2234 non
688 2187 1017 2235 extimuissem
1054 2203 1312 2247 rumorem,
1343 2189 1425 2250 qui
1461 2188 1522 2236 de
1557 2196 1603 2236 te
1639 2190 1854 2251 prolatus

282 2277 368 2327 est,
405 2283 516 2316 cum
553 2269 834 2331 praesertim
869 2268 1043 2316 falsum
1081 2285 1187 2317 esse
1223 2270 1579 2329 existimarem3
1624 2271 1708 2318 sed
1742 2271 1856 2333 quia

283 2360 329 2399 te
355 2351 506 2398 nimio
530 2350 639 2413 plus
664 2350 826 2412 diligo,
854 2366 955 2399 non
981 2366 1184 2414 possum
1212 2352 1510 2400 dissimulare
1527 2352 1651 2405 ⁴mihi
1674 2352 1853 2401 famam

283 2448 494 2498 quoque,
532 2434 749 2495 quamvis
792 2434 850 2481 sit
886 2433 1017 2492 falsa,
1053 2435 1219 2498 magni
1257 2450 1376 2484 esse.
1453 2434 1516 2482 Te
1552 2435 1728 2482 iturum
1768 2451 1856 2483 esse

284 2526 415 2565 trans
449 2531 582 2562 mare
619 2515 813 2563 credere
843 2531 942 2564 non
974 2530 1191 2579 possum,
1222 2532 1333 2564 cum
1370 2517 1487 2564 tanti
1525 2516 1671 2564 facias
1703 2517 1852 2564 Dola·

285 2598 459 2646 bellam
483 2602 526 2644 et
548 2597 758 2645 Tulliam
785 2606 930 2656 tuam,
957 2597 1186 2646 seminam
1209 2597 1535 2657 lectissimam,
1555 2599 1768 2661 tantique
1795 2599 1856 2645 ab

286 2679 515 2727 omnibus
551 2679 693 2727 nobis
726 2679 826 2736 fias,
862 2679 1035 2742 quibus
1074 2679 1347 2727 mehercule
1387 2680 1595 2742 dignitas
1636 2679 1855 2743 amplitu-

287 2762 448 2822 doque
488 2770 569 2807 tua
606 2775 762 2822 paene
798 2761 951 2809 carior
992 2767 1063 2809 est
1100 2775 1248 2824 quam
1284 2761 1369 2809 tibi
1410 2762 1528 2826 ipsi3
1574 2761 1660 2809 sed
1694 2770 1855 2809 tamen

2029 4 2040 170 ιζ
