2040 3048
313 114 414 165 168
763 124 824 162 M.
870 123 1071 161 TULLII
1108 123 1420 162 CICERONIS
1662 114 1773 182 [Pars
1800 124 1874 162 111.

305 249 364 296 de
402 255 503 300 tota
545 247 854 295 contentione
897 246 946 293 in
987 247 1251 310 Hispaniis,
1292 248 1382 296 nisi
1426 248 1545 296 forte
1590 249 1646 296 iis
1688 249 1877 296 amissis

306 346 439 378 arma
464 329 750 391 Pompeium
774 328 1073 376 abiecturum
1099 338 1251 391 putas,
1278 330 1413 377 cuius
1443 345 1589 377 omne
1622 331 1876 378 consilium

304 410 719 459 Themistocleum
770 419 867 469 est3
922 410 1161 459 existimat
1217 412 1359 469 enim,
1410 412 1492 474 qui
1539 427 1672 459 mare
1720 420 1877 460 teneat

303 508 416 540 eum
442 506 640 540 necesse
665 507 755 539 esse
777 507 936 540 rerum
962 491 1115 555 potiri.
1188 493 1356 556 Itaque
1382 509 1648 555 numquam
1680 494 1729 541 id
1761 495 1873 556 egit,

303 582 355 621 ut
403 573 673 636 Hispaniae
719 589 806 636 per
853 589 904 622 se
947 581 1251 634 tenerentur3
1304 575 1485 623 navalis
1527 584 1784 638 apparatus
1831 576 1875 623 ei

303 671 495 718 semper
518 655 854 717 antiquissima
879 670 992 703 cura
1017 654 1116 703 fuit.
1188 655 1448 719 Navigabit
1471 657 1628 719 igitur,
1654 673 1765 706 cum
1789 658 1875 706 erit

301 745 507 799 tempus,
532 737 756 784 maximis
790 737 1022 785 classibus
1061 746 1108 786 et
1141 738 1203 785 ad
1227 738 1415 786 Italiam
1455 739 1665 797 accedet,
1696 740 1745 787 in
1778 755 1874 802 qua

302 833 392 867 nos
430 818 655 867 sedentes
691 819 810 880 quid
845 820 1057 867 erimus?
1105 835 1218 867 nam
1259 821 1449 868 medios
1488 836 1595 869 esse
1637 822 1732 869 iam
1772 837 1875 869 non

300 900 475 948 licebit.
563 897 853 965 [Classibus]
906 901 1264 949 adversabimur
1311 903 1491 964 igitur?
1540 904 1674 965 quod
1720 905 1876 952 maius

301 981 458 1029 scelus
504 981 578 1028 vel
625 988 813 1029 tantum
862 981 1103 1044 denique?
1160 983 1276 1045 quid
1324 984 1545 1046 turpius?
1613 986 1694 1031 An
1741 984 1871 1048 qui†

302 1063 437 1111 valde
485 1062 561 1110 hic
607 1063 658 1110 in
706 1064 932 1111 absentes
980 1064 1110 1112 solus
1157 1065 1240 1112 tuli
1289 1065 1459 1124 scelus,
1501 1066 1720 1115 eiusdem
1762 1081 1872 1114 cum

299 1145 536 1207 Pompeio
585 1152 632 1191 et
678 1159 790 1192 cum
838 1145 1029 1207 reliquis
1075 1147 1373 1209 principibus
1420 1163 1521 1195 non
1568 1147 1756 1195 feram?
1828 1159 1872 1208 5.

300 1225 451 1285 Quod
483 1227 523 1274 si
552 1226 649 1274 iam
678 1227 830 1275 misso
866 1227 1026 1276 officio
1059 1229 1256 1290 periculi
1287 1229 1409 1277 ratio
1442 1228 1668 1278 habenda
1700 1237 1785 1288 est,
1811 1230 1872 1277 ab

299 1309 388 1356 illis
413 1316 486 1356 est
511 1308 791 1370 periculum,
819 1309 858 1355 si
894 1311 1114 1371 peccaro,
1141 1311 1203 1357 ab
1227 1310 1336 1369 hoc,
1364 1312 1402 1358 si
1432 1319 1559 1359 recte
1583 1311 1756 1369 fecero,
1782 1316 1880 1359 nec'

298 1390 446 1437 ullum
487 1389 538 1436 in
575 1389 649 1436 his
692 1389 831 1437 malis
874 1391 1128 1438 consilium
1171 1392 1384 1454 periculo
1427 1408 1631 1440 vacuum
1673 1394 1871 1441 inveniri

299 1479 472 1534 potest,
498 1479 551 1518 ut
576 1486 677 1518 non
702 1471 762 1519 sit
787 1471 986 1519 dubium
1011 1473 1127 1536 quin
1155 1470 1376 1539 [turpiter
1401 1471 1580 1539 facere]
1607 1490 1719 1522 cum
1748 1476 1870 1537 peri-

302 1553 410 1601 culo
438 1551 694 1615 fugiamus,
721 1553 854 1615 quod
886 1553 1161 1616 fugeremus
1194 1555 1337 1602 etiam
1374 1570 1486 1602 cum
1520 1556 1683 1603 salute.
1755 1556 1870 1603 Non

300 1633 442 1683 simul
471 1650 583 1683 cum
617 1634 852 1696 Pompeio
885 1650 1020 1683 mare
1054 1637 1339 1684 transiimus.
1411 1636 1628 1702 Omnino
1660 1653 1749 1685 non
1783 1653 1870 1700 po-

297 1717 505 1764 tuimus:
568 1723 724 1764 exstat
782 1716 903 1764 ratio
963 1717 1161 1765 dierum.
1251 1716 1347 1765 Sed
1406 1718 1871 1767 tamen—fateamur

297 1798 426 1846 enim
464 1797 597 1860 quod
633 1805 837 1846 est—ne
875 1799 1215 1847 contendimus
1257 1799 1468 1861 quidem,
1510 1808 1562 1847 ut
1599 1815 1868 1863 possemus.

295 1879 481 1928 Fefellit
517 1895 575 1927 ea
606 1895 686 1927 me
718 1894 810 1938 res,
837 1895 963 1942 quae
996 1880 1200 1929 fortasse
1233 1896 1333 1929 non
1362 1881 1540 1940 debuit,
1566 1883 1651 1930 sed
1676 1882 1867 1931 fefellit:

295 1976 469 2024 pacem
503 1961 665 2023 putavi
699 1960 816 2020 fore,
852 1977 976 2024 quae
1006 1963 1046 2010 si
1079 1970 1218 2019 esset,
1253 1964 1425 2013 iratum
1461 1964 1578 2010 mihi
1611 1963 1869 2013 Caesarem

295 2058 415 2100 esse,
446 2057 559 2089 cum
591 2042 719 2089 idem
754 2043 938 2090 amicus
977 2053 1102 2091 esset
1134 2043 1391 2106 Pompeio,
1426 2045 1586 2104 nolui3
1625 2062 1867 2095 senseram

294 2125 440 2182 enim,
460 2139 606 2185 quam
631 2124 776 2171 iidem
802 2134 976 2172 essent.
1048 2125 1162 2173 Hoc
1187 2142 1355 2174 verens
1381 2127 1430 2173 in
1449 2127 1574 2175 hanc
1598 2128 1866 2176 tarditatem

293 2206 451 2254 incidi.
540 2204 636 2253 Sed
684 2220 916 2268 assequor
962 2208 1141 2265 omnia,
1191 2208 1230 2255 si
1278 2223 1517 2270 propero;
1567 2209 1606 2256 si
1653 2218 1866 2268 cunctor,

293 2288 476 2335 amitto.
550 2288 593 2335 6.
630 2286 693 2335 Et
718 2295 896 2346 tamen,
917 2288 982 2334 mi
1003 2288 1178 2347 Attice,
1200 2291 1400 2352 auguria
1424 2305 1619 2353 quoque
1644 2307 1723 2339 me
1747 2292 1866 2340 inci-

294 2378 398 2417 tant
429 2369 640 2432 quadam
675 2383 760 2431 spe
794 2384 894 2417 non
927 2370 1083 2428 dubia,
1110 2386 1212 2418 non
1248 2371 1367 2419 haec
1401 2372 1591 2434 collegii
1623 2374 1773 2421 nostri
1805 2375 1867 2421 ab

295 2452 424 2508 Atto,
469 2450 555 2498 sed
597 2450 675 2497 illa
716 2450 931 2498 Platonis
980 2452 1040 2499 de
1081 2453 1322 2514 tyrannis:
1367 2453 1499 2501 nullo
1542 2455 1670 2501 enim
1716 2457 1867 2504 modo

295 2548 440 2595 posse
476 2532 617 2579 video
653 2540 776 2579 stare
812 2533 956 2580 istum
994 2533 1180 2591 diutius,
1219 2535 1335 2595 quin
1374 2535 1476 2597 ipse
1513 2551 1600 2597 per
1635 2552 1686 2584 se
1722 2538 1866 2585 etiam

296 2614 632 2675 languentibus
658 2614 800 2661 nobis
833 2614 1073 2673 concidat,
1099 2615 1278 2678 quippe
1305 2617 1386 2677 qui
1411 2616 1777 2666 florentissimus
1810 2634 1866 2666 ac

297 2710 450 2742 novus
475 2710 535 2742 v1.
564 2710 644 2742 vn.
674 2695 842 2743 diebus
868 2696 958 2758 ipsi
983 2696 1047 2743 illi
1072 2697 1232 2757 egenti
1258 2713 1314 2744 ac
1339 2698 1551 2758 perditae
1577 2699 1865 2747 multitudini

296 2777 346 2824 in
371 2776 536 2823 odium
562 2776 924 2824 acerbissimum
943 2777 1135 2834 venerit,
1157 2779 1239 2839 qui
1265 2778 1467 2825 duarum
1491 2794 1648 2826 rerum
1676 2780 1866 2828 simula-
