2040 3048
209 158 277 209 Ep.
310 145 421 214 113.]
530 155 718 197 EPIST.
760 155 841 195 AD
877 155 1249 196 FAMILIARES
1281 156 1359 196 xz.
1403 155 1485 211 27.
1685 156 1779 211 23¹

207 289 317 329 ante
343 281 520 330 bellum
546 281 694 340 civile,
715 297 827 330 cum
853 282 1032 331 Caesar
1057 290 1183 331 esset
1207 282 1256 329 in
1277 280 1461 330 Gallia:
1499 278 1632 344 quod
1658 278 1786 326 enim

207 363 512 411 vehementer
567 363 683 410 mihi
730 363 843 411 utile
902 379 1009 412 esse
1056 365 1260 427 putabas
1321 379 1412 412 nec
1470 360 1636 410 inutile
1697 357 1788 422 ipsi

208 445 418 505 Caesari,
445 445 700 509 perfecisti,
727 454 778 493 ut
808 446 883 494 ille
920 462 999 495 me
1032 447 1264 509 diligeret,
1291 446 1483 504 coleret,
1509 444 1706 492 haberet
1738 442 1788 488 in

209 528 318 576 suis.
393 527 550 577 Multa
590 535 853 591 praetere0‚
892 543 1017 590 quae
1056 528 1355 592 temporibus
1397 527 1487 575 illis
1529 526 1653 574 inter
1694 538 1787 572 nos

209 609 575 659 familiarissime
613 610 752 668 dicta,
779 610 967 673 scripta,
995 610 1354 658 communicata
1391 617 1531 668 sunt;
1569 607 1788 670 graviora

209 692 340 739 enirn
376 700 641 740 consecuta
676 700 800 741 sunt.
875 709 918 755 3.
955 693 1135 740 Etenim
1171 692 1307 740 initio
1343 691 1454 739 belli
1491 691 1638 740 civilis
1674 704 1786 738 cum

209 771 520 821 Brundisium
556 789 720 822 versus
759 774 853 822 ires
892 774 956 822 ad
997 775 1276 833 Caesarem,
1306 773 1476 821 venisti
1519 772 1581 820 ad
1619 787 1697 818 me
1737 771 1787 818 in

209 854 536 904 Formianum.
608 854 824 903 Primum
849 855 944 904 hoc
971 857 1131 918 ipsum
1156 856 1337 920 quanti,
1359 853 1641 918 praesertim
1666 861 1788 901 tem-

209 936 408 1001 poribus
455 937 574 985 illis!
645 937 838 986 Deinde
881 938 1086 986 oblitum
1127 953 1207 986 me
1254 945 1396 1001 putas
1445 935 1647 992 consilii,
1690 950 1787 983 ser-

208 1019 383 1078 monis,
409 1019 719 1068 humanitatis
752 1021 895 1068 tuae?
933 1021 1108 1084 quibus
1140 1021 1287 1068 rebus
1321 1021 1553 1068 interesse
1589 1016 1788 1066 memini

210 1102 507 1151 Trebatium.
579 1101 687 1151 Nec
728 1119 842 1151 vero
892 1119 1001 1151 sum
1048 1103 1223 1151 oblitus
1269 1102 1533 1151 litterarum
1580 1109 1787 1158 tuarum,

210 1200 331 1247 quas
355 1185 417 1232 ad
442 1200 519 1232 me
544 1186 728 1244 misisti,
756 1201 868 1233 cum
895 1184 1090 1234 Caesari
1116 1186 1310 1233 obviam
1334 1184 1551 1233 venisses
1580 1182 1630 1230 in
1653 1195 1788 1245 agr0,

211 1275 264 1315 ut
310 1268 524 1326 arbitror,
567 1267 864 1316 Trebulano.
937 1284 980 1327 4.
1021 1268 1252 1316 Secutum
1299 1268 1414 1315 illud
1460 1274 1653 1329 tempus
1702 1273 1788 1322 est,

211 1365 323 1398 cum
348 1366 426 1398 me
459 1350 520 1398 ad
546 1349 837 1412 Pompeium
870 1351 1111 1413 proficisci
1142 1351 1240 1399 sive
1269 1351 1427 1413 pudor
1459 1365 1598 1398 meus
1631 1349 1790 1411 coe‘git

211 1433 308 1480 sive
334 1432 542 1479 officium
569 1433 666 1480 sive
691 1431 914 1480 fortuna:
952 1433 1086 1496 quod
1110 1433 1323 1481 officium
1353 1441 1504 1491 tuum,
1531 1431 1667 1495 quod
1691 1438 1788 1479 stu-

212 1514 344 1562 dium
368 1514 442 1561 vel
466 1515 516 1562 in
553 1515 805 1563 absentem
841 1530 920 1563 me
944 1515 1018 1562 vel
1047 1516 1098 1562 in
1122 1522 1400 1578 praesentes
1435 1530 1574 1562 meos
1607 1513 1790 1562 defuit?

212 1611 357 1660 quem
382 1611 527 1659 porro
553 1612 726 1645 omnes
755 1597 851 1644 mei
876 1605 923 1645 et
955 1597 1074 1644 mihi
1098 1605 1144 1645 et
1169 1598 1256 1646 sibi
1282 1605 1330 1646 te
1361 1596 1644 1645 amiciorem
1668 1595 1788 1644 iudi-

211 1679 469 1726 caverunt?
540 1678 669 1726 Veni
704 1678 1042 1727 Brundisium:
1081 1679 1349 1728 oblitumne
1387 1694 1466 1727 me
1502 1688 1660 1743 putas,
1694 1693 1791 1741 qua

212 1761 466 1819 celeritate,
491 1768 544 1808 ut
567 1761 777 1822 primum
812 1761 1033 1819 audieris,
1061 1762 1124 1809 ad
1156 1777 1235 1809 me
1262 1760 1481 1809 Tarento
1519 1760 1791 1809 advolaris?

212 1858 336 1904 quae
379 1850 461 1890 tua
501 1841 643 1889 fuerit
683 1842 914 1900 adsessio‚
953 1843 1120 1902 oratio,
1159 1842 1460 1891 confirmatio
1508 1842 1655 1891 animi
1695 1842 1792 1891 mei

211 1924 347 1972 fracti
395 1924 728 1976 communium
774 1924 1074 1972 miseriarum
1116 1927 1284 1973 metu?
1357 1937 1401 1986 5.
1439 1925 1667 1973 Tandem
1709 1923 1791 1972 ali-

211 2006 409 2070 quando
436 2006 626 2054 Romae
651 2021 758 2054 esse
784 2007 1063 2070 coepimus:
1101 2007 1219 2070 quid
1250 2007 1402 2056 defuit
1432 2015 1627 2056 nostrae
1653 2007 1790 2056 fami-

212 2088 433 2136 liaritati?
504 2087 563 2135 In
598 2088 822 2136 maximis
847 2090 990 2137 rebus
1028 2104 1245 2153 quonam
1280 2089 1431 2138 modo
1457 2105 1676 2152 gererem
1711 2104 1791 2137 me

213 2170 439 2220 adversus
481 2170 741 2219 Caesarem
789 2186 904 2219 usus
952 2178 1037 2219 tuo
1085 2172 1287 2220 consilio
1335 2187 1459 2230 sum,
1500 2172 1552 2220 in
1597 2171 1792 2235 reliquis

211 2253 399 2301 officio:
435 2253 513 2301 cui
550 2261 603 2301 tu
643 2253 846 2301 tribuisti
886 2261 1092 2316 excepto
1133 2253 1342 2303 Caesare
1381 2261 1572 2317 praeter
1608 2269 1703 2312 me,
1739 2262 1792 2302 ut

212 2334 415 2382 domum
438 2335 694 2382 ventitares
718 2334 960 2399 horasque
993 2336 1169 2384 multas
1202 2352 1348 2399 saepe
1379 2336 1662 2385 suavissimo
1693 2351 1789 2384 ser-

213 2433 358 2466 mone
385 2417 731 2466 consumeres?
768 2426 884 2476 tum,
907 2433 1019 2466 cum
1045 2419 1204 2477 etiam,
1227 2419 1267 2467 si
1292 2419 1568 2476 meministi,
1593 2426 1646 2466 ut
1670 2418 1790 2467 haec

213 2498 573 2559 φιλοσοφούμενα
609 2499 881 2558 scriberem,
907 2508 958 2547 tu
993 2515 1072 2548 me
1101 2501 1348 2563 impulisti.
1419 2500 1538 2548 Post
1570 2500 1791 2549 Caesaris

212 2582 432 2638 reditum,
457 2581 575 2643 quid
605 2581 691 2629 tibi
727 2582 898 2630 maiori
932 2598 1074 2630 curae
1110 2582 1210 2640 fuit,
1236 2597 1384 2645 quam
1416 2590 1469 2630 ut
1500 2597 1658 2631 essem
1694 2597 1790 2646 ego

214 2662 276 2710 illi
316 2676 462 2726 quam
501 2661 930 2712 familiarissimus?
967 2664 1102 2727 quod
1145 2664 1388 2712 effeceras.
1463 2665 1507 2712 6.
1542 2665 1790 2724 Quorsum

213 2744 354 2806 igitur
395 2743 514 2791 haec
553 2745 707 2791 oratio
749 2745 954 2807 longior,
992 2759 1139 2807 quam
1183 2746 1439 2807 putaram?
1512 2745 1641 2805 Quia
1683 2761 1790 2794 sum

213 2826 474 2873 admiratus
515 2832 574 2884 te,
613 2825 694 2888 qui
735 2825 855 2874 haec
897 2841 1044 2874 nosse
1088 2826 1303 2885 deberes,
1338 2827 1600 2891 quicquam
1642 2843 1671 2875 a
1711 2844 1790 2876 me
