2040 3048
325 122 426 175 194
748 120 811 163 M.
855 120 1053 159 TULLII
1089 122 1401 160 CICERONIS
1677 111 1791 182 [Pars
1820 124 1891 162 lv.

317 258 370 298 ut
392 250 432 298 is
458 250 631 313 cuique
664 250 814 308 locuS,
840 251 922 298 ubi
946 251 1049 314 ipse
1083 251 1155 310 sit,
1181 260 1228 300 et
1253 253 1342 300 sibi
1367 254 1572 316 quisque
1596 253 1892 302 miserrimus

316 343 423 376 esse
456 328 683 390 videatur,
714 335 971 391 propterea
995 337 1042 378 et
1075 330 1142 377 tui
1170 330 1354 378 consilii
1387 332 1600 394 paenitet
1628 339 1674 379 te
1708 339 1754 379 et
1785 346 1891 388 ηοε,

317 410 398 471 qui
433 410 567 457 domi
601 424 782 468 sumuS,
807 410 892 457 tibi
928 410 1055 458 beati
1079 411 1310 471 videmur,
1336 422 1384 460 at
1417 421 1585 461 contra
1618 414 1759 461 nobis
1790 428 1892 461 non

315 502 368 540 tu
400 493 598 555 quidem
622 507 800 541 vacuus
833 494 1078 553 molestiiS,
1105 495 1190 543 sed
1226 510 1341 558 prae
1378 496 1517 543 nobis
1554 496 1734 542 beatus,
1806 496 1891 542 At-

316 590 411 637 que
435 574 531 623 hoc
566 575 673 637 ipso
704 575 872 623 melior
908 584 980 624 est
1014 584 1096 624 tua
1123 591 1271 639 quam
1304 585 1468 625 nostra
1493 577 1733 635 condicio,
1759 575 1893 639 quod

315 666 380 715 tu,
421 657 538 720 quid
573 656 745 716 doleat,
782 659 990 706 scribere
1027 659 1190 718 audes,
1227 674 1318 708 nos
1367 675 1429 707 ne
1465 659 1514 707 id
1550 659 1748 722 quidem
1789 666 1892 706 tuto

316 753 591 803 possumuS,
634 753 724 787 nec
771 739 820 789 id
867 740 1059 789 victoris
1106 741 1233 799 vitio,
1274 756 1372 804 quo
1419 740 1537 788 nihil
1583 741 1891 798 moderatiUS,

318 820 405 868 sed
451 820 604 882 ipsius
650 821 888 880 victoriae,
938 836 1062 884 quae
1119 822 1333 870 civilibus
1387 823 1523 871 bellis
1572 837 1764 885 semper
1820 829 1893 870 est

316 901 545 950 insolens.
617 917 662 963 3.
699 900 814 949 Uno
862 910 908 950 te
956 902 1173 961 vicimus,
1222 904 1358 966 quod
1405 904 1465 951 de
1512 903 1743 963 Marcelli,
1794 904 1891 952 col-

317 983 454 1045 legae
485 982 567 1040 tui,
599 983 748 1030 salute
785 983 932 1045 paulo
966 991 1077 1031 ante
1110 999 1257 1046 quam
1293 993 1345 1033 tu
1382 987 1711 1048 cognovimus,
1749 987 1892 1034 etiam

318 1063 591 1111 mehercule
623 1063 771 1126 quod,
797 1079 945 1127 quem
977 1064 1040 1112 ad
1075 1066 1277 1113 modum
1313 1081 1371 1115 ea
1405 1082 1481 1116 res
1517 1076 1750 1129 ageretur,
1776 1068 1892 1116 vidi-

319 1160 443 1192 mus.
516 1144 646 1192 Nam
682 1145 751 1193 sic
786 1145 862 1193 fac
898 1146 1170 1195 existimes:
1206 1156 1319 1210 post
1354 1148 1441 1197 has
1478 1149 1707 1207 miserias,
1737 1149 1786 1197 id
1821 1157 1893 1198 est

319 1232 432 1287 post
455 1238 602 1286 quam
635 1223 780 1274 armis
813 1223 1069 1286 disceptari
1104 1233 1333 1289 coeptum
1362 1235 1435 1274 est
1467 1227 1528 1275 de
1553 1227 1653 1275 iure
1682 1227 1892 1291 publico,

320 1305 438 1352 nihil
462 1319 567 1353 esse
595 1313 757 1352 actum
782 1305 910 1353 aliud
935 1321 1047 1354 cum
1073 1307 1303 1369 dignitate
1316 1324 1330 1367 ς
1367 1323 1481 1356 nam
1508 1317 1556 1357 et
1584 1310 1688 1373 ipse
1714 1308 1894 1358 Caesar

320 1394 546 1436 accusata
570 1387 826 1434 acerbitate
852 1386 1206 1436 Marcelli—sic
1233 1390 1362 1436 enim
1387 1391 1892 1453 appellabat—lauda-

320 1474 464 1528 taque
506 1464 993 1516 honorificentissime
1035 1475 1084 1514 et
1131 1468 1369 1530 aequitate
1416 1477 1499 1517 tua
1545 1477 1593 1518 et
1638 1469 1894 1534 prudentia

319 1554 516 1610 repente
564 1554 752 1614 praeter
789 1562 925 1609 spem
962 1548 1092 1606 dixit,
1130 1564 1182 1596 se
1219 1550 1404 1597 senatui
1439 1551 1631 1612 roganti
1667 1550 1727 1597 de
1764 1549 1894 1597 Mar·

322 1628 443 1676 cello
492 1642 555 1675 ne
602 1627 813 1676 hominis
861 1629 1059 1691 quidem
1107 1645 1252 1678 causa
1307 1640 1608 1693 negaturum.
1694 1632 1895 1679 Fecerat

322 1718 484 1759 autem
531 1709 628 1758 hoc
676 1717 883 1768 senatuS,
920 1719 986 1769 ut,
1024 1727 1135 1761 cum
1171 1727 1200 1759 a
1236 1711 1290 1760 L.
1327 1712 1503 1760 Pisone
1544 1714 1728 1761 mentio
1769 1722 1895 1761 esset

320 1792 446 1840 facta
482 1791 542 1839 de
579 1790 813 1840 Marcello
850 1800 896 1840 et
933 1792 988 1842 C.
1014 1792 1272 1842 Marcellus
1307 1809 1358 1842 se
1391 1795 1453 1843 ad
1490 1794 1712 1843 Caesaris
1744 1795 1894 1858 pedes

322 1875 590 1932 abiecisset,
639 1882 841 1922 cunctus
897 1885 1210 1938 consurgeret
1258 1885 1305 1924 et
1360 1878 1422 1925 ad
1471 1877 1731 1926 Caesarem
1784 1894 1894 1940 sup-

321 1957 435 2020 plex
482 1956 745 2006 accederet.
817 1956 931 2004 Noli
979 1973 1241 2020 quaerere:
1301 1959 1366 2006 ita
1412 1959 1528 2007 mihi
1574 1959 1773 2022 pulcher
1818 1959 1896 2008 hic

322 2040 424 2088 dies
460 2039 588 2087 visus
625 2047 710 2096 est,
747 2046 798 2086 ut
834 2040 1047 2101 speciem
1090 2041 1298 2103 aliquam
1336 2041 1519 2089 viderer
1559 2042 1718 2111 videre
1760 2043 1896 2105 quasi

321 2121 641 2170 reviviscentis
688 2121 756 2168 rei
802 2122 1035 2184 publicae.
1109 2138 1154 2180 4.
1194 2122 1364 2185 Itaque
1412 2138 1523 2170 cum
1565 2139 1737 2172 omnes
1785 2133 1895 2173 ante

320 2217 400 2251 me
441 2202 596 2264 rogati
635 2202 813 2264 gratias
853 2201 1048 2252 Caesari
1083 2203 1294 2263 egissent
1330 2213 1516 2267 praeter
1552 2204 1896 2253 Volcatium—

321 2284 361 2331 is
397 2283 542 2341 enim,
579 2282 619 2330 si
655 2297 714 2331 eo
747 2283 859 2331 loco
895 2291 1037 2341 esset,
1074 2285 1265 2345 negavit
1301 2299 1352 2332 se
1388 2284 1625 2334 facturum
1663 2286 1893 2345 fuisse—,

322 2379 415 2428 ego
457 2371 654 2426 rogatus
701 2365 879 2412 mutavi
925 2379 1089 2412 meum
1131 2366 1411 2414 consilium:
1463 2382 1577 2414 nam
1619 2376 1892 2426 statueram,

322 2460 423 2493 non
458 2445 733 2494 mehercule
768 2445 950 2504 inertia,
977 2446 1064 2494 sed
1100 2446 1337 2495 desiderio
1374 2449 1599 2510 pristinae
1636 2450 1892 2511 dignitatis,

321 2528 372 2575 in
419 2534 706 2589 perpetuum
753 2535 925 2575 tacere.
996 2527 1158 2591 Fregit
1204 2528 1298 2576 hoc
1346 2545 1509 2577 meum
1552 2531 1806 2578 consilium
1847 2539 1894 2581 et

324 2607 546 2656 Caesaris
593 2607 877 2670 magnitudo
923 2610 1070 2656 animi
1112 2617 1159 2657 et
1206 2617 1400 2658 senatus
1441 2611 1680 2670 officium;
1733 2613 1891 2674 itaque

324 2691 539 2754 pluribus
586 2691 741 2739 verbis
788 2691 866 2753 egi
913 2690 1108 2739 Caesari
1156 2693 1346 2754 grat-ias,
1395 2708 1572 2755 meque
1617 2702 1781 2742 metuo
1830 2710 1891 2744 ne

322 2772 468 2842 vetiam
504 2771 553 2823 in
590 2772 757 2823 ceteris
790 2772 932 2824 rebus
973 2772 1178 2822 honesto
1215 2774 1314 2824 otio
1350 2775 1586 2839 privatim,
1623 2776 1757 2841 quod
1792 2784 1893 2829 erat
