2040 3048
113 115 182 167 Ep.
213 105 302 172 26.]
463 115 649 158 EPIST.
690 116 772 155 AD
809 116 1183 157 FAMILIARES
1218 119 1256 158 I.
1301 121 1348 174 7.
1621 108 1688 175 69

112 241 393 304 cuiusquam
433 242 615 290 iniuria.
689 242 873 306 Magna
912 251 983 291 est
1026 243 1275 291 hominum
1317 243 1486 305 opinio
1530 243 1590 291 de
1628 250 1687 295 te.

111 338 290 385 magna
328 324 686 372 commendatio
730 325 1034 384 liberalitatis,
1072 341 1252 387 magna
1294 325 1531 373 memoria
1570 340 1687 372 con-

112 405 292 454 sulatus
353 407 451 454 tui:
510 407 629 455 haec
687 407 907 470 profecto
955 408 1088 456 vides
1146 416 1327 471 quanto
1388 408 1691 470 expressiora

110 495 388 552 quantoque
415 489 665 538 illustriora
690 490 848 539 sutura
882 491 987 549 sint,
1015 507 1127 540 cum
1165 491 1462 554 aliquantum
1493 506 1551 539 ex
1578 505 1689 553 pro-

109 569 265 616 vincia
290 577 432 634 atque
458 587 517 619 ex
542 572 747 635 imperio
773 573 927 621 laudis
955 573 1222 622 accesserit.
1296 571 1608 635 Quamquam
1643 580 1690 619 te

108 650 173 698 ita
225 666 391 714 gerere
439 653 550 701 volo
607 670 730 718 quae
778 670 864 718 per
913 656 1176 703 exercitum
1233 662 1377 717 atque
1433 654 1688 716 imperium

108 732 321 794 gerenda
355 743 479 793 sunt,
506 744 558 784 ut
583 736 702 784 haec
733 737 886 785 multo
917 746 1028 785 ante
1061 737 1305 795 meditere,
1332 737 1428 785 huc
1462 744 1507 784 te
1532 751 1687 799 pares,

109 814 228 863 haec
266 816 465 879 cogites,
503 818 565 866 ad
604 818 724 867 haec
760 828 805 867 te
850 835 1077 868 exerceas
1119 819 1513 882 sentiasque—id
1555 819 1689 882 quod

109 897 221 959 quia
246 913 437 961 semper
465 901 681 962 sperasti,
715 916 818 950 non
856 902 1024 950 dubito
1057 904 1173 965 quin
1204 902 1407 965 adeptus
1440 901 1689 964 intellegas

108 987 222 1026 —te
258 979 479 1029 facillime
509 998 654 1045 posse
690 985 906 1032 obtinere
945 1000 1190 1032 summum
1226 993 1369 1047 atque
1405 983 1689 1032 altissimum

107 1062 312 1124 gradum
349 1064 562 1114 civitatis.
635 1065 776 1125 Quae
813 1067 1010 1130 quidem
1051 1083 1162 1115 mea
1197 1066 1468 1115 cohortatio
1505 1082 1565 1114 ne
1603 1064 1687 1113 tibi

109 1144 264 1193 inanis
311 1154 392 1194 aut
439 1148 542 1195 sine
591 1164 738 1197 causa
785 1158 1009 1213 suscepta
1050 1151 1278 1207 videatur,
1318 1150 1396 1197 illa
1443 1165 1521 1196 me
1569 1149 1688 1196 ratio

108 1227 271 1288 movit,
301 1236 352 1276 ut
379 1238 423 1277 te
449 1246 508 1278 ex
534 1232 710 1279 nostris
735 1233 918 1280 eventis
952 1233 1292 1280 communibus
1321 1231 1689 1279 admonendum

109 1317 339 1372 putarem,
365 1319 418 1358 ut
442 1313 789 1372 considerares,
815 1313 865 1360 in
891 1314 1024 1361 omni
1049 1313 1231 1376 reliqua
1258 1314 1350 1361 vita
1380 1313 1555 1375 quibus
1588 1328 1690 1360 cre-

110 1392 261 1451 deres,
287 1408 411 1456 quos
436 1409 642 1442 caveres.
721 1411 793 1444 10.
835 1395 985 1456 Quod
1019 1397 1186 1444 scribis
1221 1404 1267 1444 te
1292 1395 1411 1443 velle
1447 1396 1582 1454 scire,
1608 1395 1699 1459 qui⁸

109 1475 168 1523 sit
191 1474 258 1522 rei
283 1476 503 1538 publicae
529 1484 691 1536 statuS‚
719 1493 912 1526 summa
941 1478 1182 1526 dissensio
1216 1486 1299 1538 est,
1328 1478 1414 1526 sed
1441 1478 1689 1526 contentio

110 1557 270 1621 dispar
285 1573 297 1617 ;
336 1574 449 1606 nam
478 1560 559 1622 qui
593 1560 700 1623 plus
733 1562 924 1623 opibus,
951 1561 1111 1620 armis,
1137 1561 1354 1625 potentia
1382 1561 1551 1619 valent,
1578 1575 1690 1623 pro-

110 1639 279 1687 fecisse
339 1648 524 1688 tantum
582 1642 699 1689 mihi
747 1643 968 1691 videntur
1022 1643 1217 1691 stultitia
1269 1652 1315 1691 et
1369 1642 1692 1691 inconstantia

109 1710 501 1781 adversariorum,
541 1732 592 1771 ut
645 1725 789 1772 etiam
837 1725 1119 1774 auctoritate
1172 1726 1268 1774 iam
1317 1727 1426 1788 plus
1463 1726 1685 1774 valerent.

109 1804 279 1866 Itaque
303 1806 558 1867 perpaucis
585 1806 948 1856 adversantibus
973 1809 1153 1868 omnia,
1181 1824 1305 1871 quae
1338 1824 1399 1856 ne
1425 1824 1511 1871 per
1534 1823 1689 1871 popu-

107 1884 207 1932 lum
243 1886 439 1948 quidem
477 1887 579 1934 sine
617 1888 851 1936 seditione
889 1904 940 1936 se
978 1890 1179 1954 adsequi
1216 1892 1578 1949 arbitrabantur,
1606 1906 1692 1953 per

109 1974 329 2014 senatum
359 1970 607 2016 consecuti
644 1978 782 2028 sunt;
827 1986 942 2019 nam
978 1980 1024 2020 et
1060 1973 1355 2036 stipendium
1381 1973 1576 2021 Caesari
1608 1974 1689 2021 de-

108 2057 291 2096 cretum
317 2056 389 2096 est
415 2057 461 2097 et
486 2051 656 2099 decem
680 2052 837 2114 legati,
858 2061 904 2101 et
929 2069 989 2101 ne
1015 2054 1122 2117 lege
1144 2054 1435 2117 Sempronia
1460 2055 1689 2104 succede-

107 2139 235 2179 retur
260 2130 397 2179 facile
423 2132 687 2194 perfectum
715 2142 800 2182 est.
880 2134 1032 2194 Quod
1056 2152 1116 2184 eo
1141 2136 1204 2184 ad
1228 2145 1274 2184 te
1299 2137 1489 2186 brevius
1515 2138 1687 2196 scribo,

109 2213 220 2275 quia
244 2228 322 2260 me
343 2222 494 2262 status
514 2215 591 2264 hic
611 2217 677 2264 rei
698 2217 917 2279 publicae
939 2234 1040 2267 non
1066 2219 1300 2268 delectat:
1333 2221 1490 2269 scribo
1511 2228 1688 2278 tamen,

108 2305 160 2344 ut
197 2305 243 2344 te
287 2297 595 2357 admoneam,
634 2301 767 2362 quod
802 2301 922 2363 ipse,
959 2302 1124 2351 litteris
1161 2304 1389 2352 omnibus
1426 2319 1455 2351 a
1490 2305 1691 2367 pueritia

109 2378 311 2439 dedituS,
332 2381 628 2442 experiendo
654 2390 819 2431 tamen
843 2385 998 2447 magis
1024 2400 1172 2447 quarn
1198 2385 1435 2434 discendo
1463 2386 1687 2449 cognovi,

109 2469 159 2507 tu
200 2467 254 2509 ut
296 2463 389 2511 tuis
436 2464 580 2511 rebus
626 2465 824 2527 integris
874 2466 1032 2515 discas
1074 2482 1232 2529 neque
1282 2467 1444 2515 salutis
1492 2475 1687 2515 nostrae

109 2544 342 2592 rationem
397 2545 673 2594 habendam
728 2548 869 2595 nobis
926 2564 1031 2596 esse
1090 2549 1192 2596 sine
1241 2550 1472 2612 dignitate
1529 2566 1688 2615 neque

110 2625 352 2688 dignitatis
399 2627 502 2675 sine
550 2628 716 2678 salute.
808 2645 882 2677 11.
941 2629 1091 2689 Quod
1132 2631 1248 2678 mihi
1298 2631 1358 2680 de
1401 2632 1496 2680 filia
1538 2642 1584 2681 et
1627 2634 1686 2682 de

111 2706 396 2771 Crassipede
445 2710 707 2772 gratularis,
745 2727 963 2774 agnosco
999 2713 1350 2762 humanitatem
1398 2725 1528 2763 tuam
1579 2731 1685 2778 spe-

110 2803 261 2853 roque
298 2796 344 2838 et
380 2798 496 2853 opto
533 2792 674 2841 nobis
710 2793 836 2843 hanc
873 2794 1269 2843 coniunctionem
1294 2796 1523 2859 voluptati
1562 2796 1676 2846 sore.
