2040 3048
211 138 279 188 Ep.
305 143 368 188 72,
392 121 479 196 73]
627 133 813 176 EPIST.
853 133 935 172 AD
973 133 1248 172 ATTICUM
1283 133 1336 175 x.
1378 124 1407 170 8
1449 134 1498 175 Β.
1690 133 1781 188 171

208 282 310 315 non
336 282 442 315 sum
469 265 722 314 arbitratus
756 280 863 312 esse
897 264 1037 312 amici
1071 279 1172 312 non
1206 262 1499 312 commoveri
1533 263 1676 310 etiam
1701 262 1786 309 im·

207 350 473 411 proborum
501 362 741 403 sermone,
770 355 912 409 atque
940 362 1000 394 eo
1027 346 1116 395 feci
1144 346 1418 403 studiosius,
1446 345 1581 407 quod
1606 345 1787 393 iudica-

206 434 320 480 bam
360 432 577 479 duriores
619 438 779 492 partes
818 429 935 476 mihi
978 430 1228 491 impositas
1268 443 1375 477 esse
1415 428 1477 475 ab
1515 427 1787 475 offensione

206 523 384 573 nostra,
410 528 535 575 quae
559 513 715 573 magis
749 527 778 558 a
811 511 1050 573 zelotypia
1085 527 1194 558 mea
1228 525 1375 572 quarn
1406 511 1468 558 ab
1503 510 1673 557 iniuria
1706 518 1787 557 tua

205 604 319 644 nata
351 604 437 642 est.
514 594 592 642 Sic
627 594 758 641 enim
795 592 906 640 volo
943 601 988 639 te
1026 593 1110 639 tibi
1147 593 1454 654 persuadere,
1479 591 1597 639 mihi
1634 593 1787 640 nerni-

205 694 317 726 nem
360 693 466 725 esse
509 676 744 724 cariorem
785 683 831 722 te
870 683 1079 736 excepto
1115 672 1325 722 Caesare
1361 689 1486 732 meo,
1526 673 1786 723 Caesarem

204 760 414 807 maxime
443 760 494 806 in
524 757 622 806 suis
656 756 727 804 M.
755 755 1046 806 Ciceronem
1079 771 1329 818 reponere.
1405 772 1447 803 2.
1486 755 1600 814 Qua
1628 772 1693 814 re,
1719 757 1785 803 mi

204 842 392 899 Cicero,
430 850 477 890 te
506 856 644 903 rogo,
670 847 722 887 ut
755 839 840 887 tibi
876 839 1042 887 omnia
1074 839 1263 900 integra
1297 854 1470 895 serves,
1502 839 1604 887 eius
1640 839 1785 886 fidem

203 926 463 988 improbes,
509 923 591 986 qui
633 922 734 979 tibi,
777 930 829 969 ut
870 918 1161 969 beneficium
1203 920 1350 978 daret,
1391 921 1522 983 prius
1562 921 1786 969 iniuriam

204 1007 327 1065 fecit,
355 1014 525 1054 contra
553 1020 616 1051 ne
650 1002 914 1066 profugias,
942 1004 1024 1065 qui
1056 1011 1118 1060 te,
1145 1003 1234 1051 etsi
1266 1018 1368 1050 non
1404 1004 1786 1067 amabit—quod

204 1089 424 1137 accidere
468 1102 571 1135 non
613 1093 856 1149 potest—‚
900 1094 1064 1133 tamen
1109 1084 1292 1132 salvum
1335 1086 1785 1149 amplissimumque

203 1187 309 1220 esse
335 1171 512 1233 cupiet.-
580 1169 759 1217 Dedita
781 1182 931 1230 opera
955 1168 1017 1216 ad
1046 1175 1093 1215 te
1118 1166 1450 1230 Calpurnium,
1475 1167 1784 1217 familiarissi-

203 1269 339 1301 mum
372 1267 551 1310 meum,
586 1251 709 1308 misi,
742 1258 796 1298 ut
830 1250 947 1297 mihi
979 1265 1188 1312 magnae
1220 1264 1364 1297 curae
1394 1258 1528 1297 tuam
1551 1251 1697 1298 vitam
1727 1265 1784 1298 ac

203 1335 486 1397 dignitatem
509 1348 618 1381 esse
643 1329 820 1381 scires.’

270 1417 463 1464 Eodem
504 1416 582 1464 die
620 1430 651 1463 a
691 1413 900 1464 Caesare
943 1414 1229 1463 Philotimus
1271 1415 1451 1463 litteras
1494 1415 1649 1463 attulit
1687 1415 1784 1465 hoc

201 1498 443 1561 exemplo·

562 1634 641 1678 ⁶73.
713 1629 808 1678 AD
845 1628 1170 1678 ATTICUM
1206 1629 1267 1678 X.
1303 1633 1331 1677 8
1370 1628 1425 1678 Β.

515 1729 727 1776 ‘CAESAR
762 1742 860 1774 IMP.
895 1741 998 1774 SAL.
1032 1742 1078 1774 D.
1116 1742 1339 1775 CICERONI
1375 1742 1471 1774 IMP.

275 1841 316 1874 1.
341 1825 461 1872 ETSI
485 1832 532 1871 te
556 1823 671 1870 nihil
697 1831 893 1881 temere,
909 1822 1026 1869 nihil
1050 1823 1381 1885 imprudenter
1400 1823 1637 1871 facturum
1657 1824 1778 1873 iudi-

201 1923 379 1964 caram,
406 1916 570 1955 tamen
603 1913 854 1967 permotus
878 1904 1132 1952 hominum
1157 1904 1289 1952 fama
1315 1905 1624 1953 scribendum
1650 1907 1712 1954 ad
1736 1915 1782 1954 te

202 1989 466 2038 exiSIimavi
502 1997 548 2035 et
584 2002 673 2050 pro
710 1994 877 2034 nostra
912 1987 1250 2035 benevolentia
1284 1988 1563 2049 petendum,
1596 2004 1658 2036 ne
1683 2004 1781 2051 quo

202 2070 557 2135 progredereris
582 2069 851 2132 proclinata
875 2069 970 2116 iarn
996 2084 1061 2126 re,
1079 2083 1177 2131 quo
1202 2069 1391 2131 integra
1415 2070 1560 2116 etiam
1584 2086 1781 2133 progre-

201 2155 432 2203 diendum
456 2153 540 2200 tibi
566 2167 667 2199 non
693 2151 1018 2198 existimasses
1038 2167 1049 2210 ;
1087 2166 1298 2214 namque
1324 2159 1372 2199 et
1404 2153 1640 2201 amicitiae
1673 2169 1780 2215 gra-

200 2238 383 2284 viorem
418 2235 640 2282 iniuriam
677 2233 847 2282 feceris
884 2242 932 2281 et
967 2234 1051 2280 tibi
1093 2234 1254 2281 minus
1297 2235 1559 2282 commode
1602 2251 1779 2284 consu-

201 2321 358 2377 lueris,
393 2320 433 2367 si
469 2334 570 2366 non
603 2318 825 2366 fortunae
857 2319 1122 2365 obsecutus
1156 2317 1616 2366 videbere—omnia
1648 2321 1780 2367 enim

204 2402 552 2451 secundissima
576 2401 733 2459 nobis,
751 2400 1089 2448 adversissima
1112 2399 1200 2446 illis
1226 2401 1459 2448 accidisse
1479 2400 1777 2460 videntur—,

203 2500 293 2533 nec
318 2499 514 2532 causam
540 2482 976 2531 secutus—eadem
1001 2482 1132 2529 enim
1156 2490 1259 2529 turn
1278 2482 1376 2539 fuit,
1398 2497 1509 2530 cum
1528 2484 1589 2530 ab
1609 2499 1778 2532 eorum

202 2567 415 2616 consiliis
458 2565 626 2612 abesse
674 2564 975 2622 iudicasti—,
1013 2563 1099 2611 sed
1148 2579 1312 2611 meum
1360 2564 1556 2626 aliquod
1599 2566 1779 2615 factum

203 2648 619 2705 condemnavisse‚
667 2662 765 2709 quo
813 2646 931 2694 mihi
979 2646 1169 2707 gravius
1219 2647 1305 2694 abs
1352 2655 1398 2694 te
1447 2647 1511 2694 nil
1561 2649 1779 2697 accidere

202 2739 389 2795 potest;
433 2729 566 2792 quod
602 2744 664 2776 ne
700 2729 860 2787 facias,
900 2744 989 2791 pro
1027 2729 1127 2776 iure
1164 2737 1357 2776 nostrae
1395 2730 1630 2779 amicitiae
1669 2748 1697 2779 a
1732 2739 1777 2780 te

202 2825 330 2878 peto,
407 2829 448 2861 2.
490 2812 756 2871 Postrem0‚
788 2813 905 2876 quid
946 2813 1046 2860 viro
1086 2813 1222 2860 bono
1270 2822 1317 2861 et
1359 2814 1520 2868 Quieto
1556 2823 1603 2863 et
1645 2816 1778 2863 bono
