<?xml version="1.0" encoding="UTF-8"?>
<!DOCTYPE html PUBLIC "-//W3C//DTD XHTML 1.0 Transitional//EN"
    "http://www.w3.org/TR/xhtml1/DTD/xhtml1-transitional.dtd">
<html xmlns="http://www.w3.org/1999/xhtml" xml:lang="en" lang="en">
 <head>
  <title>
</title>
<meta http-equiv="Content-Type" content="text/html;charset=utf-8" />
  <meta name='ocr-system' content='tesseract 3.04.00' />
  <meta name='ocr-capabilities' content='ocr_page ocr_carea ocr_par ocr_line ocrx_word'/>
</head>
<body>
  <div class='ocr_page' id='page_1' title='image "./epistolaeselecta00ciceuoft_0229.png"; bbox 0 0 2040 3048; ppageno 0'>
   <div class='ocr_carea' id='block_1_1' title="bbox 192 146 1773 213">
    <p class='ocr_par' dir='ltr' id='par_1_1' title="bbox 192 146 1773 213">
     <span class='ocr_line' id='line_1_1' title="bbox 192 146 1773 213; baseline -0.007 -13"><span class='ocrx_word' id='word_1_1' title='bbox 192 161 262 212; x_wconf 78' lang='lat' dir='ltr'>Ep.</span> <span class='ocrx_word' id='word_1_2' title='bbox 282 170 348 212; x_wconf 86' lang='lat'>99,</span> <span class='ocrx_word' id='word_1_3' title='bbox 373 146 493 213; x_wconf 62' lang='grc' dir='ltr'>ιω]</span> <span class='ocrx_word' id='word_1_4' title='bbox 543 155 733 194; x_wconf 82' lang='lat' dir='ltr'><em>EPIST.</em></span> <span class='ocrx_word' id='word_1_5' title='bbox 769 154 850 192; x_wconf 83' lang='lat' dir='ltr'>AD</span> <span class='ocrx_word' id='word_1_6' title='bbox 887 151 1257 192; x_wconf 82' lang='lat' dir='ltr'><em>FAMILIARES</em></span> <span class='ocrx_word' id='word_1_7' title='bbox 1299 151 1373 189; x_wconf 81' lang='lat' dir='ltr'>VJ.</span> <span class='ocrx_word' id='word_1_8' title='bbox 1405 153 1449 192; x_wconf 84' lang='lat'>2.</span> <span class='ocrx_word' id='word_1_9' title='bbox 1670 151 1773 206; x_wconf 86' lang='lat'>213</span> 
     </span>
    </p>
   </div>
   <div class='ocr_carea' id='block_1_2' title="bbox 192 278 1783 1422">
    <p class='ocr_par' dir='ltr' id='par_1_2' title="bbox 192 278 1783 1422">
     <span class='ocr_line' id='line_1_2' title="bbox 192 278 1775 347; baseline -0.008 -10"><span class='ocrx_word' id='word_1_10' title='bbox 192 304 304 336; x_wconf 91' lang='lat' dir='ltr'>eum</span> <span class='ocrx_word' id='word_1_11' title='bbox 339 287 570 344; x_wconf 90' lang='lat' dir='ltr'>dolorem,</span> <span class='ocrx_word' id='word_1_12' title='bbox 598 299 746 347; x_wconf 91' lang='lat' dir='ltr'>quem</span> <span class='ocrx_word' id='word_1_13' title='bbox 779 299 805 331; x_wconf 95' lang='lat' dir='ltr'>e</span> <span class='ocrx_word' id='word_1_14' title='bbox 839 299 887 330; x_wconf 88' lang='lat' dir='ltr'>re</span> <span class='ocrx_word' id='word_1_15' title='bbox 913 282 1107 344; x_wconf 89' lang='lat' dir='ltr'>publica</span> <span class='ocrx_word' id='word_1_16' title='bbox 1140 281 1295 343; x_wconf 87' lang='lat' dir='ltr'>capio,</span> <span class='ocrx_word' id='word_1_17' title='bbox 1322 280 1498 328; x_wconf 91' lang='lat' dir='ltr'>domus</span> <span class='ocrx_word' id='word_1_18' title='bbox 1530 278 1627 326; x_wconf 89' lang='lat' dir='ltr'>iam</span> <span class='ocrx_word' id='word_1_19' title='bbox 1661 291 1775 325; x_wconf 86' lang='lat' dir='ltr'>con-</span> 
     </span>
     <span class='ocr_line' id='line_1_3' title="bbox 194 358 1776 432; baseline -0.008 -13"><span class='ocrx_word' id='word_1_20' title='bbox 194 371 336 418; x_wconf 91' lang='lat' dir='ltr'>solari</span> <span class='ocrx_word' id='word_1_21' title='bbox 395 375 556 432; x_wconf 86' lang='lat' dir='ltr'>potest</span> <span class='ocrx_word' id='word_1_22' title='bbox 615 381 706 413; x_wconf 92' lang='lat' dir='ltr'>nec</span> <span class='ocrx_word' id='word_1_23' title='bbox 767 364 1089 412; x_wconf 89' lang='lat' dir='ltr'>domesticum</span> <span class='ocrx_word' id='word_1_24' title='bbox 1148 378 1224 411; x_wconf 92' lang='lat' dir='ltr'>res</span> <span class='ocrx_word' id='word_1_25' title='bbox 1282 362 1486 425; x_wconf 88' lang='lat' dir='ltr'>publica.</span> <span class='ocrx_word' id='word_1_26' title='bbox 1561 377 1602 422; x_wconf 85' lang='lat'>3.</span> <span class='ocrx_word' id='word_1_27' title='bbox 1661 358 1776 419; x_wconf 87' lang='lat' dir='ltr'>Quo</span> 
     </span>
     <span class='ocr_line' id='line_1_4' title="bbox 195 442 1776 515; baseline -0.008 -14"><span class='ocrx_word' id='word_1_28' title='bbox 195 453 351 515; x_wconf 87' lang='lat' dir='ltr'>magis</span> <span class='ocrx_word' id='word_1_29' title='bbox 399 459 444 499; x_wconf 90' lang='lat' dir='ltr'>te</span> <span class='ocrx_word' id='word_1_30' title='bbox 493 455 724 511; x_wconf 86' lang='lat' dir='ltr'>exspecto</span> <span class='ocrx_word' id='word_1_31' title='bbox 767 455 911 510; x_wconf 88' lang='lat' dir='ltr'>teque</span> <span class='ocrx_word' id='word_1_32' title='bbox 954 446 1115 493; x_wconf 90' lang='lat' dir='ltr'>videre</span> <span class='ocrx_word' id='word_1_33' title='bbox 1154 460 1303 508; x_wconf 90' lang='lat' dir='ltr'>quam</span> <span class='ocrx_word' id='word_1_34' title='bbox 1345 444 1557 507; x_wconf 90' lang='lat' dir='ltr'>primum</span> <span class='ocrx_word' id='word_1_35' title='bbox 1604 442 1776 504; x_wconf 88' lang='lat' dir='ltr'>cupio:</span> 
     </span>
     <span class='ocr_line' id='line_1_5' title="bbox 195 525 1777 591; baseline -0.007 -8"><span class='ocrx_word' id='word_1_36' title='bbox 195 536 349 583; x_wconf 88' lang='lat' dir='ltr'>maior</span> <span class='ocrx_word' id='word_1_37' title='bbox 382 533 498 581; x_wconf 91' lang='lat' dir='ltr'>mihi</span> <span class='ocrx_word' id='word_1_38' title='bbox 533 531 706 579; x_wconf 90' lang='lat' dir='ltr'>levatio</span> <span class='ocrx_word' id='word_1_39' title='bbox 743 529 916 577; x_wconf 84' lang='lat' dir='ltr'>adferri</span> <span class='ocrx_word' id='word_1_40' title='bbox 952 528 1082 576; x_wconf 89' lang='lat' dir='ltr'>nulla</span> <span class='ocrx_word' id='word_1_41' title='bbox 1118 536 1278 591; x_wconf 84' lang='lat' dir='ltr'>potest</span> <span class='ocrx_word' id='word_1_42' title='bbox 1314 542 1461 590; x_wconf 92' lang='lat' dir='ltr'>quam</span> <span class='ocrx_word' id='word_1_43' title='bbox 1498 525 1777 574; x_wconf 91' lang='lat' dir='ltr'>coniunctio</span> 
     </span>
     <span class='ocr_line' id='line_1_6' title="bbox 196 614 1777 673; baseline -0.008 -7"><span class='ocrx_word' id='word_1_44' title='bbox 196 614 558 666; x_wconf 88' lang='lat' dir='ltr'>consuetudinis</span> <span class='ocrx_word' id='word_1_45' title='bbox 585 626 966 673; x_wconf 86' lang='lat' dir='ltr'>sermonumque</span> <span class='ocrx_word' id='word_1_46' title='bbox 998 618 1303 668; x_wconf 87' lang='lat' dir='ltr'>nostrorum;</span> <span class='ocrx_word' id='word_1_47' title='bbox 1342 623 1639 672; x_wconf 90' lang='lat' dir='ltr'>quamquam</span> <span class='ocrx_word' id='word_1_48' title='bbox 1669 623 1777 670; x_wconf 92' lang='lat' dir='ltr'>spe-</span> 
     </span>
     <span class='ocr_line' id='line_1_7' title="bbox 194 691 1778 753; baseline -0.007 -5"><span class='ocrx_word' id='word_1_49' title='bbox 194 702 362 748; x_wconf 84' lang='lat' dir='ltr'>rabam</span> <span class='ocrx_word' id='word_1_50' title='bbox 398 707 534 746; x_wconf 92' lang='lat' dir='ltr'>tuum</span> <span class='ocrx_word' id='word_1_51' title='bbox 570 693 972 744; x_wconf 87' lang='lat' dir='ltr'>adventum—sic</span> <span class='ocrx_word' id='word_1_52' title='bbox 1011 693 1142 740; x_wconf 93' lang='lat' dir='ltr'>enim</span> <span class='ocrx_word' id='word_1_53' title='bbox 1185 691 1778 753; x_wconf 80' lang='lat' dir='ltr'>audiebam-adpropin-</span> 
     </span>
     <span class='ocr_line' id='line_1_8' title="bbox 198 774 1779 845; baseline -0.006 -15"><span class='ocrx_word' id='word_1_54' title='bbox 198 797 360 845; x_wconf 87' lang='lat' dir='ltr'>quare.</span> <span class='ocrx_word' id='word_1_55' title='bbox 431 779 541 841; x_wconf 88' lang='lat' dir='ltr'>Ego</span> <span class='ocrx_word' id='word_1_56' title='bbox 567 786 730 826; x_wconf 91' lang='lat' dir='ltr'>autem</span> <span class='ocrx_word' id='word_1_57' title='bbox 756 791 868 824; x_wconf 90' lang='lat' dir='ltr'>cum</span> <span class='ocrx_word' id='word_1_58' title='bbox 892 775 1056 822; x_wconf 92' lang='lat' dir='ltr'>multis</span> <span class='ocrx_word' id='word_1_59' title='bbox 1083 775 1142 822; x_wconf 89' lang='lat' dir='ltr'>de</span> <span class='ocrx_word' id='word_1_60' title='bbox 1169 774 1326 823; x_wconf 89' lang='lat' dir='ltr'>causis</span> <span class='ocrx_word' id='word_1_61' title='bbox 1352 782 1398 821; x_wconf 90' lang='lat' dir='ltr'>te</span> <span class='ocrx_word' id='word_1_62' title='bbox 1424 782 1605 836; x_wconf 88' lang='lat' dir='ltr'>exopto</span> <span class='ocrx_word' id='word_1_63' title='bbox 1632 788 1779 836; x_wconf 90' lang='lat' dir='ltr'>quam</span> 
     </span>
     <span class='ocr_line' id='line_1_9' title="bbox 196 856 1782 928; baseline -0.006 -17"><span class='ocrx_word' id='word_1_64' title='bbox 196 866 405 928; x_wconf 91' lang='lat' dir='ltr'>primum</span> <span class='ocrx_word' id='word_1_65' title='bbox 443 862 619 918; x_wconf 89' lang='lat' dir='ltr'>videre,</span> <span class='ocrx_word' id='word_1_66' title='bbox 658 868 760 907; x_wconf 92' lang='lat' dir='ltr'>tum</span> <span class='ocrx_word' id='word_1_67' title='bbox 797 858 956 916; x_wconf 89' lang='lat' dir='ltr'>etiam,</span> <span class='ocrx_word' id='word_1_68' title='bbox 993 866 1046 905; x_wconf 92' lang='lat' dir='ltr'>ut</span> <span class='ocrx_word' id='word_1_69' title='bbox 1083 865 1194 905; x_wconf 90' lang='lat' dir='ltr'>ante</span> <span class='ocrx_word' id='word_1_70' title='bbox 1237 864 1624 905; x_wconf 86' lang='lat' dir='ltr'><strong>commentemur</strong></span> <span class='ocrx_word' id='word_1_71' title='bbox 1659 856 1782 903; x_wconf 93' lang='lat' dir='ltr'>inter</span> 
     </span>
     <span class='ocr_line' id='line_1_10' title="bbox 197 938 1782 1009; baseline -0.005 -15"><span class='ocrx_word' id='word_1_72' title='bbox 197 962 303 1006; x_wconf 89' lang='lat' dir='ltr'>nos,</span> <span class='ocrx_word' id='word_1_73' title='bbox 330 961 426 1009; x_wconf 91' lang='lat' dir='ltr'>qua</span> <span class='ocrx_word' id='word_1_74' title='bbox 449 945 634 991; x_wconf 87' lang='lat' dir='ltr'>ratione</span> <span class='ocrx_word' id='word_1_75' title='bbox 659 942 805 990; x_wconf 91' lang='lat' dir='ltr'>nobis</span> <span class='ocrx_word' id='word_1_76' title='bbox 830 939 1183 1001; x_wconf 85' lang='lat' dir='ltr'>traducendum</span> <span class='ocrx_word' id='word_1_77' title='bbox 1214 940 1273 987; x_wconf 91' lang='lat' dir='ltr'>sit</span> <span class='ocrx_word' id='word_1_78' title='bbox 1296 939 1391 987; x_wconf 94' lang='lat' dir='ltr'>hoc</span> <span class='ocrx_word' id='word_1_79' title='bbox 1415 947 1622 1002; x_wconf 90' lang='lat' dir='ltr'>tempus,</span> <span class='ocrx_word' id='word_1_80' title='bbox 1649 938 1782 1002; x_wconf 93' lang='lat' dir='ltr'>quod</span> 
     </span>
     <span class='ocr_line' id='line_1_11' title="bbox 198 1021 1782 1084; baseline -0.006 -6"><span class='ocrx_word' id='word_1_81' title='bbox 198 1039 271 1078; x_wconf 93' lang='lat' dir='ltr'>est</span> <span class='ocrx_word' id='word_1_82' title='bbox 306 1037 463 1077; x_wconf 91' lang='lat' dir='ltr'>totum</span> <span class='ocrx_word' id='word_1_83' title='bbox 500 1027 562 1074; x_wconf 90' lang='lat' dir='ltr'>ad</span> <span class='ocrx_word' id='word_1_84' title='bbox 587 1026 728 1073; x_wconf 90' lang='lat' dir='ltr'>unius</span> <span class='ocrx_word' id='word_1_85' title='bbox 752 1024 1050 1072; x_wconf 88' lang='lat' dir='ltr'>voluntatem</span> <span class='ocrx_word' id='word_1_86' title='bbox 1087 1021 1563 1070; x_wconf 90' lang='lat' dir='ltr'>accommodandum</span> <span class='ocrx_word' id='word_1_87' title='bbox 1599 1030 1646 1069; x_wconf 90' lang='lat' dir='ltr'>et</span> <span class='ocrx_word' id='word_1_88' title='bbox 1670 1036 1782 1084; x_wconf 91' lang='lat' dir='ltr'>pru·</span> 
     </span>
     <span class='ocr_line' id='line_1_12' title="bbox 201 1104 1782 1169; baseline -0.006 -8"><span class='ocrx_word' id='word_1_89' title='bbox 201 1112 358 1161; x_wconf 91' lang='lat' dir='ltr'>dentis</span> <span class='ocrx_word' id='word_1_90' title='bbox 382 1118 429 1159; x_wconf 92' lang='lat' dir='ltr'>et</span> <span class='ocrx_word' id='word_1_91' title='bbox 453 1108 658 1157; x_wconf 91' lang='lat' dir='ltr'>liberalis</span> <span class='ocrx_word' id='word_1_92' title='bbox 683 1116 742 1166; x_wconf 86' lang='lat' dir='ltr'>et,</span> <span class='ocrx_word' id='word_1_93' title='bbox 769 1115 821 1154; x_wconf 91' lang='lat' dir='ltr'>ut</span> <span class='ocrx_word' id='word_1_94' title='bbox 846 1106 1151 1169; x_wconf 84' lang='lat' dir='ltr'>perspexisse</span> <span class='ocrx_word' id='word_1_95' title='bbox 1168 1105 1345 1164; x_wconf 89' lang='lat' dir='ltr'>videor,</span> <span class='ocrx_word' id='word_1_96' title='bbox 1373 1120 1464 1152; x_wconf 92' lang='lat' dir='ltr'>nec</span> <span class='ocrx_word' id='word_1_97' title='bbox 1489 1122 1518 1152; x_wconf 87' lang='lat' dir='ltr'>a</span> <span class='ocrx_word' id='word_1_98' title='bbox 1543 1119 1621 1151; x_wconf 91' lang='lat' dir='ltr'>me</span> <span class='ocrx_word' id='word_1_99' title='bbox 1641 1104 1782 1151; x_wconf 89' lang='lat' dir='ltr'>alieni</span> 
     </span>
     <span class='ocr_line' id='line_1_13' title="bbox 199 1188 1783 1249; baseline -0.005 -7"><span class='ocrx_word' id='word_1_100' title='bbox 199 1203 246 1242; x_wconf 88' lang='lat' dir='ltr'>et</span> <span class='ocrx_word' id='word_1_101' title='bbox 270 1194 355 1242; x_wconf 90' lang='lat' dir='ltr'>tibi</span> <span class='ocrx_word' id='word_1_102' title='bbox 380 1190 671 1241; x_wconf 81' lang='lat' dir='ltr'>amicissimi,</span> <span class='ocrx_word' id='word_1_103' title='bbox 743 1188 893 1247; x_wconf 85' lang='lat' dir='ltr'>Quod</span> <span class='ocrx_word' id='word_1_104' title='bbox 927 1204 1040 1236; x_wconf 92' lang='lat' dir='ltr'>cum</span> <span class='ocrx_word' id='word_1_105' title='bbox 1075 1189 1141 1236; x_wconf 87' lang='lat' dir='ltr'>ita</span> <span class='ocrx_word' id='word_1_106' title='bbox 1173 1189 1245 1247; x_wconf 91' lang='lat' dir='ltr'>sit,</span> <span class='ocrx_word' id='word_1_107' title='bbox 1271 1203 1480 1249; x_wconf 86' lang='lat' dir='ltr'>magnae</span> <span class='ocrx_word' id='word_1_108' title='bbox 1512 1195 1675 1234; x_wconf 90' lang='lat' dir='ltr'>tamen</span> <span class='ocrx_word' id='word_1_109' title='bbox 1712 1195 1783 1235; x_wconf 89' lang='lat' dir='ltr'>est</span> 
     </span>
     <span class='ocr_line' id='line_1_14' title="bbox 199 1269 1783 1337; baseline -0.006 -12"><span class='ocrx_word' id='word_1_110' title='bbox 199 1275 570 1333; x_wconf 88' lang='lat' dir='ltr'>deliberationis,</span> <span class='ocrx_word' id='word_1_111' title='bbox 602 1289 726 1337; x_wconf 90' lang='lat' dir='ltr'>quae</span> <span class='ocrx_word' id='word_1_112' title='bbox 763 1273 884 1320; x_wconf 86' lang='lat' dir='ltr'>ratio</span> <span class='ocrx_word' id='word_1_113' title='bbox 923 1272 981 1320; x_wconf 92' lang='lat' dir='ltr'>sit</span> <span class='ocrx_word' id='word_1_114' title='bbox 1017 1272 1230 1319; x_wconf 87' lang='lat' dir='ltr'>ineunda</span> <span class='ocrx_word' id='word_1_115' title='bbox 1272 1272 1428 1329; x_wconf 90' lang='lat' dir='ltr'>nobis,</span> <span class='ocrx_word' id='word_1_116' title='bbox 1467 1285 1567 1317; x_wconf 91' lang='lat' dir='ltr'>non</span> <span class='ocrx_word' id='word_1_117' title='bbox 1608 1269 1783 1331; x_wconf 85' lang='lat' dir='ltr'>agendi</span> 
     </span>
     <span class='ocr_line' id='line_1_15' title="bbox 199 1350 1783 1422; baseline -0.004 -15"><span class='ocrx_word' id='word_1_118' title='bbox 199 1359 390 1422; x_wconf 91' lang='lat' dir='ltr'>aliquid,</span> <span class='ocrx_word' id='word_1_119' title='bbox 418 1358 504 1406; x_wconf 94' lang='lat' dir='ltr'>sed</span> <span class='ocrx_word' id='word_1_120' title='bbox 529 1357 652 1404; x_wconf 91' lang='lat' dir='ltr'>illius</span> <span class='ocrx_word' id='word_1_121' title='bbox 683 1364 919 1403; x_wconf 88' lang='lat' dir='ltr'>concessu</span> <span class='ocrx_word' id='word_1_122' title='bbox 945 1363 992 1402; x_wconf 92' lang='lat' dir='ltr'>et</span> <span class='ocrx_word' id='word_1_123' title='bbox 1016 1354 1253 1402; x_wconf 87' lang='lat' dir='ltr'>beneficio</span> <span class='ocrx_word' id='word_1_124' title='bbox 1280 1353 1571 1417; x_wconf 87' lang='lat' dir='ltr'>quiescendi.</span> <span class='ocrx_word' id='word_1_125' title='bbox 1646 1350 1783 1400; x_wconf 88' lang='lat' dir='ltr'>Vale.</span> 
     </span>
    </p>
   </div>
   <div class='ocr_carea' id='block_1_3' title="bbox 520 1485 1464 1536">
    <p class='ocr_par' dir='ltr' id='par_1_3' title="bbox 520 1485 1464 1536">
     <span class='ocr_line' id='line_1_16' title="bbox 520 1485 1464 1536; baseline -0.003 0"><span class='ocrx_word' id='word_1_126' title='bbox 520 1492 629 1536; x_wconf 88' lang='lat'>100.</span> <span class='ocrx_word' id='word_1_127' title='bbox 701 1486 796 1534; x_wconf 93' lang='lat' dir='ltr'>AD</span> <span class='ocrx_word' id='word_1_128' title='bbox 831 1485 1254 1533; x_wconf 90' lang='lat' dir='ltr'><strong>FAMILIARES</strong></span> <span class='ocrx_word' id='word_1_129' title='bbox 1292 1485 1379 1534; x_wconf 90' lang='lat' dir='ltr'>VI.</span> <span class='ocrx_word' id='word_1_130' title='bbox 1422 1501 1464 1533; x_wconf 87' lang='lat'>2.</span> 
     </span>
    </p>
   </div>
   <div class='ocr_carea' id='block_1_4' title="bbox 439 1585 1554 1729">
    <p class='ocr_par' dir='ltr' id='par_1_4' title="bbox 439 1585 1554 1729">
     <span class='ocr_line' id='line_1_17' title="bbox 439 1585 1554 1646; baseline -0.001 -13"><span class='ocrx_word' id='word_1_131' title='bbox 439 1585 548 1634; x_wconf 80' lang='lat' dir='ltr'><strong>SCR.</strong></span> <span class='ocrx_word' id='word_1_132' title='bbox 585 1586 821 1632; x_wconf 85' lang='lat' dir='ltr'><strong>ASTURAE</strong></span> <span class='ocrx_word' id='word_1_133' title='bbox 858 1600 1015 1632; x_wconf 80' lang='lat' dir='ltr'><strong>MENSE</strong></span> <span class='ocrx_word' id='word_1_134' title='bbox 1052 1585 1228 1632; x_wconf 89' lang='lat' dir='ltr'>APR1L1</span> <span class='ocrx_word' id='word_1_135' title='bbox 1264 1599 1400 1633; x_wconf 80' lang='lat' dir='ltr'>A.u.c.</span> <span class='ocrx_word' id='word_1_136' title='bbox 1444 1595 1554 1646; x_wconf 88' lang='lat'><strong>709.</strong></span> 
     </span>
     <span class='ocr_line' id='line_1_18' title="bbox 582 1687 1398 1729; baseline 0 -8"><span class='ocrx_word' id='word_1_137' title='bbox 582 1689 632 1722; x_wconf 87' lang='lat' dir='ltr'>M.</span> <span class='ocrx_word' id='word_1_138' title='bbox 671 1689 841 1722; x_wconf 69' lang='lat' dir='ltr'>crcnRo</span> <span class='ocrx_word' id='word_1_139' title='bbox 877 1689 912 1721; x_wconf 93' lang='lat' dir='ltr'>s.</span> <span class='ocrx_word' id='word_1_140' title='bbox 952 1690 997 1721; x_wconf 88' lang='lat' dir='ltr'>D.</span> <span class='ocrx_word' id='word_1_141' title='bbox 1036 1689 1079 1721; x_wconf 85' lang='lat' dir='ltr'>A.</span> <span class='ocrx_word' id='word_1_142' title='bbox 1120 1687 1398 1729; x_wconf 85' lang='lat' dir='ltr'><strong>TORQUATO.</strong></span> 
     </span>
    </p>
   </div>
   <div class='ocr_carea' id='block_1_5' title="bbox 186 1768 1794 2906">
    <p class='ocr_par' dir='ltr' id='par_1_5' title="bbox 186 1768 1794 2906">
     <span class='ocr_line' id='line_1_19' title="bbox 274 1768 1784 1831; baseline -0.001 -12"><span class='ocrx_word' id='word_1_143' title='bbox 274 1787 313 1819; x_wconf 90' lang='lat'>1.</span> <span class='ocrx_word' id='word_1_144' title='bbox 351 1771 486 1819; x_wconf 81' lang='lat' dir='ltr'>PETo</span> <span class='ocrx_word' id='word_1_145' title='bbox 523 1785 551 1817; x_wconf 89' lang='lat' dir='ltr'>a</span> <span class='ocrx_word' id='word_1_146' title='bbox 587 1777 634 1816; x_wconf 91' lang='lat' dir='ltr'>te</span> <span class='ocrx_word' id='word_1_147' title='bbox 672 1785 732 1817; x_wconf 89' lang='lat' dir='ltr'>ne</span> <span class='ocrx_word' id='word_1_148' title='bbox 769 1785 848 1816; x_wconf 91' lang='lat' dir='ltr'>me</span> <span class='ocrx_word' id='word_1_149' title='bbox 885 1777 1026 1831; x_wconf 89' lang='lat' dir='ltr'>putes</span> <span class='ocrx_word' id='word_1_150' title='bbox 1063 1769 1306 1817; x_wconf 89' lang='lat' dir='ltr'>oblivione</span> <span class='ocrx_word' id='word_1_151' title='bbox 1342 1769 1410 1817; x_wconf 90' lang='lat' dir='ltr'>tui</span> <span class='ocrx_word' id='word_1_152' title='bbox 1452 1769 1603 1817; x_wconf 90' lang='lat' dir='ltr'>rarius</span> <span class='ocrx_word' id='word_1_153' title='bbox 1639 1768 1702 1817; x_wconf 91' lang='lat' dir='ltr'>ad</span> <span class='ocrx_word' id='word_1_154' title='bbox 1736 1777 1784 1817; x_wconf 88' lang='lat' dir='ltr'>te</span> 
     </span>
     <span class='ocr_line' id='line_1_20' title="bbox 200 1851 1785 1915; baseline -0.001 -14"><span class='ocrx_word' id='word_1_155' title='bbox 200 1854 419 1911; x_wconf 91' lang='lat' dir='ltr'>scribere,</span> <span class='ocrx_word' id='word_1_156' title='bbox 445 1867 591 1914; x_wconf 88' lang='lat' dir='ltr'>quam</span> <span class='ocrx_word' id='word_1_157' title='bbox 627 1851 858 1910; x_wconf 91' lang='lat' dir='ltr'>solebam,</span> <span class='ocrx_word' id='word_1_158' title='bbox 886 1852 972 1900; x_wconf 92' lang='lat' dir='ltr'>sed</span> <span class='ocrx_word' id='word_1_159' title='bbox 995 1859 1077 1899; x_wconf 88' lang='lat' dir='ltr'>aut</span> <span class='ocrx_word' id='word_1_160' title='bbox 1108 1852 1337 1914; x_wconf 90' lang='lat' dir='ltr'>gravitate</span> <span class='ocrx_word' id='word_1_161' title='bbox 1361 1851 1661 1911; x_wconf 90' lang='lat' dir='ltr'>valetudinis,</span> <span class='ocrx_word' id='word_1_162' title='bbox 1688 1866 1785 1915; x_wconf 86' lang='lat' dir='ltr'>qua</span> 
     </span>
     <span class='ocr_line' id='line_1_21' title="bbox 200 1933 1783 1997; baseline -0.002 -13"><span class='ocrx_word' id='word_1_163' title='bbox 200 1945 364 1984; x_wconf 91' lang='lat' dir='ltr'>tamen</span> <span class='ocrx_word' id='word_1_164' title='bbox 388 1935 485 1982; x_wconf 88' lang='lat' dir='ltr'>iam</span> <span class='ocrx_word' id='word_1_165' title='bbox 509 1933 707 1997; x_wconf 88' lang='lat' dir='ltr'>paulum</span> <span class='ocrx_word' id='word_1_166' title='bbox 732 1934 897 1982; x_wconf 89' lang='lat' dir='ltr'>videor</span> <span class='ocrx_word' id='word_1_167' title='bbox 921 1934 1076 1992; x_wconf 90' lang='lat' dir='ltr'>levari,</span> <span class='ocrx_word' id='word_1_168' title='bbox 1104 1943 1186 1982; x_wconf 89' lang='lat' dir='ltr'>aut</span> <span class='ocrx_word' id='word_1_169' title='bbox 1211 1935 1346 1997; x_wconf 93' lang='lat' dir='ltr'>quod</span> <span class='ocrx_word' id='word_1_170' title='bbox 1375 1934 1531 1982; x_wconf 90' lang='lat' dir='ltr'>absim</span> <span class='ocrx_word' id='word_1_171' title='bbox 1563 1935 1625 1981; x_wconf 90' lang='lat' dir='ltr'>ab</span> <span class='ocrx_word' id='word_1_172' title='bbox 1650 1934 1783 1991; x_wconf 91' lang='lat' dir='ltr'>urbe,</span> 
     </span>
     <span class='ocr_line' id='line_1_22' title="bbox 186 2015 1785 2079; baseline -0.001 -14"><span class='ocrx_word' id='word_1_173' title='bbox 186 2025 265 2076; x_wconf 83' lang='lat' dir='ltr'>‚ut,</span> <span class='ocrx_word' id='word_1_174' title='bbox 305 2017 386 2079; x_wconf 92' lang='lat' dir='ltr'>qui</span> <span class='ocrx_word' id='word_1_175' title='bbox 425 2015 488 2063; x_wconf 91' lang='lat' dir='ltr'>ad</span> <span class='ocrx_word' id='word_1_176' title='bbox 528 2023 576 2063; x_wconf 90' lang='lat' dir='ltr'>te</span> <span class='ocrx_word' id='word_1_177' title='bbox 615 2015 996 2078; x_wconf 88' lang='lat' dir='ltr'>proficiscantur,</span> <span class='ocrx_word' id='word_1_178' title='bbox 1035 2016 1156 2064; x_wconf 91' lang='lat' dir='ltr'>scire</span> <span class='ocrx_word' id='word_1_179' title='bbox 1198 2031 1299 2064; x_wconf 91' lang='lat' dir='ltr'>non</span> <span class='ocrx_word' id='word_1_180' title='bbox 1336 2017 1552 2079; x_wconf 87' lang='lat' dir='ltr'>possim;</span> <span class='ocrx_word' id='word_1_181' title='bbox 1601 2031 1699 2078; x_wconf 91' lang='lat' dir='ltr'>qua</span> <span class='ocrx_word' id='word_1_182' title='bbox 1733 2031 1785 2063; x_wconf 93' lang='lat' dir='ltr'>re</span> 
     </span>
     <span class='ocr_line' id='line_1_23' title="bbox 201 2097 1786 2156; baseline 0 -10"><span class='ocrx_word' id='word_1_183' title='bbox 201 2098 340 2146; x_wconf 91' lang='lat' dir='ltr'>velim</span> <span class='ocrx_word' id='word_1_184' title='bbox 365 2099 430 2146; x_wconf 90' lang='lat' dir='ltr'>ita</span> <span class='ocrx_word' id='word_1_185' title='bbox 454 2104 684 2145; x_wconf 90' lang='lat' dir='ltr'>statutum</span> <span class='ocrx_word' id='word_1_186' title='bbox 709 2097 905 2156; x_wconf 86' lang='lat' dir='ltr'>habeas,</span> <span class='ocrx_word' id='word_1_187' title='bbox 931 2113 1010 2146; x_wconf 91' lang='lat' dir='ltr'>me</span> <span class='ocrx_word' id='word_1_188' title='bbox 1035 2099 1103 2146; x_wconf 90' lang='lat' dir='ltr'>tui</span> <span class='ocrx_word' id='word_1_189' title='bbox 1128 2099 1414 2146; x_wconf 88' lang='lat' dir='ltr'>memoriam</span> <span class='ocrx_word' id='word_1_190' title='bbox 1448 2113 1560 2146; x_wconf 94' lang='lat' dir='ltr'>cum</span> <span class='ocrx_word' id='word_1_191' title='bbox 1593 2113 1786 2146; x_wconf 90' lang='lat' dir='ltr'>summa</span> 
     </span>
     <span class='ocr_line' id='line_1_24' title="bbox 200 2179 1786 2243; baseline 0 -14"><span class='ocrx_word' id='word_1_192' title='bbox 200 2179 538 2229; x_wconf 88' lang='lat' dir='ltr'>benevolentia</span> <span class='ocrx_word' id='word_1_193' title='bbox 573 2189 738 2228; x_wconf 89' lang='lat' dir='ltr'>tenere</span> <span class='ocrx_word' id='word_1_194' title='bbox 774 2188 978 2243; x_wconf 91' lang='lat' dir='ltr'>tuasque</span> <span class='ocrx_word' id='word_1_195' title='bbox 1011 2195 1185 2228; x_wconf 92' lang='lat' dir='ltr'>omnes</span> <span class='ocrx_word' id='word_1_196' title='bbox 1215 2196 1291 2228; x_wconf 91' lang='lat' dir='ltr'>res</span> <span class='ocrx_word' id='word_1_197' title='bbox 1327 2195 1429 2228; x_wconf 93' lang='lat' dir='ltr'>non</span> <span class='ocrx_word' id='word_1_198' title='bbox 1462 2181 1636 2228; x_wconf 88' lang='lat' dir='ltr'>minori</span> <span class='ocrx_word' id='word_1_199' title='bbox 1669 2182 1786 2229; x_wconf 89' lang='lat' dir='ltr'>mihi</span> 
     </span>
     <span class='ocr_line' id='line_1_25' title="bbox 202 2262 1783 2326; baseline 0 -16"><span class='ocrx_word' id='word_1_200' title='bbox 202 2278 344 2311; x_wconf 89' lang='lat' dir='ltr'>curae</span> <span class='ocrx_word' id='word_1_201' title='bbox 369 2277 517 2326; x_wconf 91' lang='lat' dir='ltr'>quam</span> <span class='ocrx_word' id='word_1_202' title='bbox 542 2278 677 2310; x_wconf 87' lang='lat' dir='ltr'>meas</span> <span class='ocrx_word' id='word_1_203' title='bbox 702 2278 824 2311; x_wconf 90' lang='lat' dir='ltr'>esse.</span> <span class='ocrx_word' id='word_1_204' title='bbox 901 2280 939 2311; x_wconf 91' lang='lat'>2.</span> <span class='ocrx_word' id='word_1_205' title='bbox 981 2262 1131 2321; x_wconf 88' lang='lat' dir='ltr'>Quod</span> <span class='ocrx_word' id='word_1_206' title='bbox 1156 2264 1339 2311; x_wconf 88' lang='lat' dir='ltr'>maiore</span> <span class='ocrx_word' id='word_1_207' title='bbox 1364 2263 1413 2310; x_wconf 91' lang='lat' dir='ltr'>in</span> <span class='ocrx_word' id='word_1_208' title='bbox 1434 2264 1657 2311; x_wconf 90' lang='lat' dir='ltr'>varietate</span> <span class='ocrx_word' id='word_1_209' title='bbox 1682 2279 1783 2311; x_wconf 92' lang='lat' dir='ltr'>ver-</span> 
     </span>
     <span class='ocr_line' id='line_1_26' title="bbox 202 2345 1787 2408; baseline 0 -14"><span class='ocrx_word' id='word_1_210' title='bbox 202 2355 307 2396; x_wconf 88' lang='lat' dir='ltr'>sata</span> <span class='ocrx_word' id='word_1_211' title='bbox 340 2355 412 2393; x_wconf 91' lang='lat' dir='ltr'>est</span> <span class='ocrx_word' id='word_1_212' title='bbox 436 2345 594 2393; x_wconf 92' lang='lat' dir='ltr'>adhuc</span> <span class='ocrx_word' id='word_1_213' title='bbox 619 2353 700 2393; x_wconf 90' lang='lat' dir='ltr'>tua</span> <span class='ocrx_word' id='word_1_214' title='bbox 734 2361 894 2404; x_wconf 91' lang='lat' dir='ltr'>causa,</span> <span class='ocrx_word' id='word_1_215' title='bbox 922 2361 1068 2408; x_wconf 88' lang='lat' dir='ltr'>quam</span> <span class='ocrx_word' id='word_1_216' title='bbox 1094 2345 1316 2393; x_wconf 89' lang='lat' dir='ltr'>homines</span> <span class='ocrx_word' id='word_1_217' title='bbox 1351 2353 1432 2392; x_wconf 91' lang='lat' dir='ltr'>aut</span> <span class='ocrx_word' id='word_1_218' title='bbox 1455 2345 1679 2393; x_wconf 89' lang='lat' dir='ltr'>volebant</span> <span class='ocrx_word' id='word_1_219' title='bbox 1704 2354 1787 2394; x_wconf 89' lang='lat' dir='ltr'>aut</span> 
     </span>
     <span class='ocr_line' id='line_1_27' title="bbox 201 2427 1786 2491; baseline 0.002 -18"><span class='ocrx_word' id='word_1_220' title='bbox 201 2427 541 2489; x_wconf 88' lang='lat' dir='ltr'>opinabantur,</span> <span class='ocrx_word' id='word_1_221' title='bbox 586 2427 702 2474; x_wconf 93' lang='lat' dir='ltr'>mihi</span> <span class='ocrx_word' id='word_1_222' title='bbox 745 2429 900 2486; x_wconf 87' lang='lat' dir='ltr'>crede,</span> <span class='ocrx_word' id='word_1_223' title='bbox 946 2443 1048 2475; x_wconf 92' lang='lat' dir='ltr'>non</span> <span class='ocrx_word' id='word_1_224' title='bbox 1090 2437 1163 2476; x_wconf 92' lang='lat' dir='ltr'>est</span> <span class='ocrx_word' id='word_1_225' title='bbox 1203 2442 1293 2491; x_wconf 91' lang='lat' dir='ltr'>pro</span> <span class='ocrx_word' id='word_1_226' title='bbox 1330 2427 1469 2475; x_wconf 89' lang='lat' dir='ltr'>malis</span> <span class='ocrx_word' id='word_1_227' title='bbox 1510 2436 1786 2491; x_wconf 91' lang='lat' dir='ltr'>temporum</span> 
     </span>
     <span class='ocr_line' id='line_1_28' title="bbox 205 2509 1788 2575; baseline 0.003 -19"><span class='ocrx_word' id='word_1_228' title='bbox 205 2509 336 2572; x_wconf 92' lang='lat' dir='ltr'>quod</span> <span class='ocrx_word' id='word_1_229' title='bbox 371 2509 574 2557; x_wconf 88' lang='lat' dir='ltr'>moleste</span> <span class='ocrx_word' id='word_1_230' title='bbox 611 2510 773 2571; x_wconf 89' lang='lat' dir='ltr'>feras;</span> <span class='ocrx_word' id='word_1_231' title='bbox 811 2527 1012 2559; x_wconf 91' lang='lat' dir='ltr'>necesse</span> <span class='ocrx_word' id='word_1_232' title='bbox 1050 2519 1123 2559; x_wconf 91' lang='lat' dir='ltr'>est</span> <span class='ocrx_word' id='word_1_233' title='bbox 1164 2512 1295 2559; x_wconf 89' lang='lat' dir='ltr'>enim</span> <span class='ocrx_word' id='word_1_234' title='bbox 1331 2518 1412 2558; x_wconf 92' lang='lat' dir='ltr'>aut</span> <span class='ocrx_word' id='word_1_235' title='bbox 1449 2512 1593 2559; x_wconf 91' lang='lat' dir='ltr'>armis</span> <span class='ocrx_word' id='word_1_236' title='bbox 1630 2513 1788 2575; x_wconf 88' lang='lat' dir='ltr'>urgeri</span> 
     </span>
     <span class='ocr_line' id='line_1_29' title="bbox 205 2591 1789 2656; baseline 0.004 -18"><span class='ocrx_word' id='word_1_237' title='bbox 205 2606 306 2639; x_wconf 93' lang='lat' dir='ltr'>rem</span> <span class='ocrx_word' id='word_1_238' title='bbox 355 2591 598 2653; x_wconf 90' lang='lat' dir='ltr'>publicam</span> <span class='ocrx_word' id='word_1_239' title='bbox 647 2593 951 2656; x_wconf 90' lang='lat' dir='ltr'>sempiternis</span> <span class='ocrx_word' id='word_1_240' title='bbox 999 2602 1080 2641; x_wconf 91' lang='lat' dir='ltr'>aut</span> <span class='ocrx_word' id='word_1_241' title='bbox 1127 2593 1202 2641; x_wconf 93' lang='lat' dir='ltr'>his</span> <span class='ocrx_word' id='word_1_242' title='bbox 1245 2594 1415 2656; x_wconf 90' lang='lat' dir='ltr'>positis</span> <span class='ocrx_word' id='word_1_243' title='bbox 1463 2595 1664 2642; x_wconf 88' lang='lat' dir='ltr'>recreari</span> <span class='ocrx_word' id='word_1_244' title='bbox 1707 2595 1789 2644; x_wconf 89' lang='lat' dir='ltr'>ali-</span> 
     </span>
     <span class='ocr_line' id='line_1_30' title="bbox 206 2673 1791 2738; baseline 0.004 -17"><span class='ocrx_word' id='word_1_245' title='bbox 206 2673 402 2737; x_wconf 88' lang='lat' dir='ltr'>quando</span> <span class='ocrx_word' id='word_1_246' title='bbox 435 2682 517 2721; x_wconf 88' lang='lat' dir='ltr'>aut</span> <span class='ocrx_word' id='word_1_247' title='bbox 541 2674 753 2723; x_wconf 90' lang='lat' dir='ltr'>funditus</span> <span class='ocrx_word' id='word_1_248' title='bbox 779 2676 985 2724; x_wconf 87' lang='lat' dir='ltr'>interire.</span> <span class='ocrx_word' id='word_1_249' title='bbox 1059 2675 1109 2723; x_wconf 89' lang='lat' dir='ltr'>Si</span> <span class='ocrx_word' id='word_1_250' title='bbox 1135 2691 1269 2723; x_wconf 86' lang='lat' dir='ltr'>arma</span> <span class='ocrx_word' id='word_1_251' title='bbox 1294 2675 1534 2735; x_wconf 89' lang='lat' dir='ltr'>valebunt,</span> <span class='ocrx_word' id='word_1_252' title='bbox 1562 2692 1652 2726; x_wconf 90' lang='lat' dir='ltr'>nec</span> <span class='ocrx_word' id='word_1_253' title='bbox 1688 2694 1791 2738; x_wconf 77' lang='lat' dir='ltr'>e08‚</span> 
     </span>
     <span class='ocr_line' id='line_1_31' title="bbox 208 2756 1791 2821; baseline 0.004 -19"><span class='ocrx_word' id='word_1_254' title='bbox 208 2771 238 2803; x_wconf 88' lang='lat' dir='ltr'>a</span> <span class='ocrx_word' id='word_1_255' title='bbox 267 2756 440 2818; x_wconf 90' lang='lat' dir='ltr'>quibus</span> <span class='ocrx_word' id='word_1_256' title='bbox 470 2756 725 2818; x_wconf 89' lang='lat' dir='ltr'>recipieris,</span> <span class='ocrx_word' id='word_1_257' title='bbox 753 2758 902 2805; x_wconf 89' lang='lat' dir='ltr'>vereri</span> <span class='ocrx_word' id='word_1_258' title='bbox 938 2759 1085 2807; x_wconf 91' lang='lat' dir='ltr'>debes</span> <span class='ocrx_word' id='word_1_259' title='bbox 1121 2773 1212 2807; x_wconf 92' lang='lat' dir='ltr'>nec</span> <span class='ocrx_word' id='word_1_260' title='bbox 1249 2772 1349 2816; x_wconf 92' lang='lat' dir='ltr'>eos,</span> <span class='ocrx_word' id='word_1_261' title='bbox 1379 2773 1503 2820; x_wconf 91' lang='lat' dir='ltr'>quos</span> <span class='ocrx_word' id='word_1_262' title='bbox 1541 2759 1791 2821; x_wconf 87' lang='lat' dir='ltr'>adiuvisti;</span> 
     </span>
     <span class='ocr_line' id='line_1_32' title="bbox 213 2839 1794 2906; baseline 0.003 -17"><span class='ocrx_word' id='word_1_263' title='bbox 213 2841 252 2889; x_wconf 88' lang='lat' dir='ltr'>si</span> <span class='ocrx_word' id='word_1_264' title='bbox 283 2840 428 2887; x_wconf 87' lang='lat' dir='ltr'>armis</span> <span class='ocrx_word' id='word_1_265' title='bbox 460 2847 541 2887; x_wconf 88' lang='lat' dir='ltr'>aut</span> <span class='ocrx_word' id='word_1_266' title='bbox 578 2839 866 2889; x_wconf 90' lang='lat' dir='ltr'>condicione</span> <span class='ocrx_word' id='word_1_267' title='bbox 892 2842 1063 2906; x_wconf 88' lang='lat' dir='ltr'>positis</span> <span class='ocrx_word' id='word_1_268' title='bbox 1100 2850 1182 2890; x_wconf 90' lang='lat' dir='ltr'>aut</span> <span class='ocrx_word' id='word_1_269' title='bbox 1219 2841 1561 2905; x_wconf 87' lang='lat' dir='ltr'>defatigatione</span> <span class='ocrx_word' id='word_1_270' title='bbox 1598 2844 1794 2893; x_wconf 89' lang='lat' dir='ltr'>abiectis</span> 
     </span>
    </p>
   </div>
  </div>
 </body>
</html>
