2040 3048
123 106 192 157 Ep.
212 95 306 161 68.]
522 104 707 144 EPIST.
739 104 822 142 AD
858 103 1135 144 ATTJOUM
1167 106 1221 143 x.
1256 110 1300 144 1.
1601 95 1695 145 161

118 229 260 277 velim
286 230 452 278 iubeas
477 228 752 292 plurimum.
828 245 869 277 2.
909 230 990 278 Tu
1015 238 1150 278 tuum
1186 228 1444 278 consilium
1478 230 1566 277 etsi
1599 243 1700 276 non

117 312 167 359 in
196 310 515 374 longinquum
550 320 740 374 tempus
776 311 1106 361 differs—iam
1142 313 1273 361 enim
1310 311 1443 359 illum
1480 319 1698 374 emptum

116 393 472 454 pacificatorem
508 406 760 456 perorasse
796 400 930 455 put0,
956 394 1054 440 iam
1091 401 1253 441 actum
1289 391 1468 456 aliquid
1505 406 1611 439 esse
1649 392 1699 439 in

116 490 349 523 consessu
390 481 943 523 senatorum—senatum
986 476 1115 523 enim
1152 490 1254 522 non
1290 482 1494 538 puto—,
1534 482 1700 522 tamen

115 572 404 620 suspensum
429 572 508 604 me
531 556 645 604 inde
666 564 816 614 tenes,
840 557 925 605 sed
944 572 1004 605 eo
1029 557 1204 615 minus,
1223 556 1357 620 quod
1382 571 1484 604 non
1511 556 1700 615 dubito,

113 639 230 701 quid
254 639 394 687 nobis
418 638 663 701 agendum
688 645 841 702 putes.
903 638 1001 698 Qui
1027 639 1159 686 enim
1185 638 1350 686 Flavio
1376 638 1626 701 legionem
1652 646 1700 686 et

114 719 323 768 Siciliam
348 720 450 768 dari
474 720 654 768 scribas
681 727 727 767 et
750 720 800 767 id
823 720 919 768 iam
945 720 1059 779 fieri,
1081 735 1205 783 quae
1230 727 1282 767 tu
1308 719 1492 767 scelera
1515 720 1695 781 partim

111 802 267 864 parari
290 803 387 850 iam
412 810 458 850 et
490 802 705 864 cogitari,
731 803 906 865 partim
941 818 1002 850 ex
1036 810 1258 865 tempore
1294 800 1454 849 futura
1486 801 1693 849 censes?

111 884 221 948 Ego
244 899 358 932 vero
384 884 591 942 SoloniS,
618 884 866 948 popularis
891 885 972 944 tui,
998 892 1051 932 ut
1075 892 1195 948 puto
1222 884 1369 932 etiam
1392 883 1503 941 mei,
1531 883 1692 945 legem

110 967 382 1029 neglegam,
399 967 482 1029 qui
500 967 655 1030 capite
677 967 849 1025 sanxit,
868 967 908 1014 si
926 967 1010 1029 qui
1034 967 1085 1014 in
1112 966 1349 1014 seditione
1373 980 1477 1013 non
1502 964 1694 1013 alterius

110 1050 262 1098 utrius
303 1051 450 1112 partis
489 1049 671 1108 fuisset,
706 1055 761 1108 et,
799 1050 891 1098 nisi
934 1051 973 1097 si
1015 1058 1067 1098 tu
1104 1050 1238 1096 aliter
1274 1063 1459 1102 censeS,
1497 1055 1544 1096 et
1579 1047 1692 1097 hinc

112 1132 258 1179 abero
297 1139 344 1179 et
378 1131 522 1191 illim;
566 1132 653 1179 sed
688 1131 890 1179 alterum
926 1131 1044 1178 mihi
1081 1139 1154 1178 est
1193 1131 1381 1189 certius,
1420 1145 1513 1178 nec
1554 1145 1694 1192 prae-

113 1213 287 1275 cipiam
320 1221 511 1261 tamen:
550 1214 845 1276 exspectabo
877 1221 1013 1260 tuum
1039 1213 1295 1261 consilium
1320 1220 1368 1260 et
1394 1226 1477 1260 eas
1501 1211 1693 1270 litteras,

113 1295 204 1342 nisi
228 1295 344 1342 alias
369 1296 466 1342 iam
491 1295 676 1353 dedisti,
694 1311 815 1358 quas
839 1295 1006 1357 scripsi
1029 1302 1082 1342 ut
1107 1293 1395 1357 Cephalioni
1421 1293 1574 1341 dares.
1647 1308 1696 1355 3.

115 1375 265 1435 Quod
307 1376 490 1433 scribis,
527 1391 630 1424 non
672 1391 770 1439 quo
813 1376 1007 1424 aliunde
1045 1376 1268 1434 audieris,
1314 1375 1402 1424 sed
1444 1383 1491 1423 te
1531 1375 1693 1438 ipsum

114 1465 282 1519 putare
318 1471 397 1504 me
430 1464 683 1505 attractum
716 1458 786 1516 iri,
812 1458 852 1505 si
885 1457 945 1505 de
977 1472 1099 1520 pace
1132 1465 1315 1520 agatur,
1341 1455 1460 1503 mihi
1491 1456 1695 1504 omnino

114 1553 216 1587 non
240 1539 370 1587 venit
393 1539 444 1586 in
468 1547 698 1599 mentem,
724 1554 849 1602 quae
874 1540 1030 1602 possit
1055 1539 1179 1588 actio
1204 1554 1310 1588 esse
1338 1538 1398 1587 de
1423 1554 1558 1602 pace,
1581 1553 1693 1586 cum

115 1621 179 1669 illi
204 1621 524 1670 certissimum
560 1622 632 1681 sit,
660 1623 700 1671 si
737 1622 905 1685 possit,
940 1621 1210 1684 exspoliare
1248 1621 1461 1670 exercitu
1496 1627 1545 1669 et
1578 1635 1692 1683 pro-

115 1706 271 1754 vincia
295 1706 597 1769 Pompeium,
623 1707 714 1754 nisi
734 1707 855 1755 forte
879 1706 966 1754 iste
993 1706 1292 1754 nummarius
1316 1706 1360 1754 ei
1392 1713 1554 1770 potest
1585 1721 1696 1768 per-

117 1788 335 1846 suadere,
352 1797 416 1847 ut,
437 1789 552 1836 dum
578 1796 795 1837 oratores
820 1796 932 1837 eant
957 1796 1003 1836 et
1028 1788 1240 1847 redeant,
1268 1788 1498 1852 quiescat.
1560 1788 1694 1838 Nihil

117 1870 270 1928 vide0,
297 1870 431 1932 quod
457 1885 648 1932 sperem
673 1879 755 1918 aut
779 1871 913 1932 quod
936 1871 1034 1918 iam
1059 1878 1227 1933 putem
1257 1870 1357 1918 fieri
1390 1885 1536 1933 posse
1555 1886 1567 1929 ;
1606 1870 1695 1919 sed

116 1960 280 1999 tamen
303 1952 513 1999 hominis
537 1951 632 2000 hoc
657 1953 818 2015 ipsum
842 1953 983 2014 probi
1008 1960 1092 2000 est.
1168 1951 1410 2015 Magnum
1436 1959 1509 2000 est
1542 1959 1589 2000 et
1611 1958 1695 1998 τῶν

116 2035 455 2080 πολιτικωτάτων
486 2035 750 2093 σκεμμάτων,
775 2033 1133 2083 veniendumne
1160 2034 1220 2083 Sit
1251 2034 1301 2082 in
1334 2033 1590 2082 consilium
1623 2042 1694 2098 ty-

118 2112 270 2170 ranni,
296 2112 335 2159 si
358 2112 398 2160 is
424 2112 583 2175 aliqua
607 2113 668 2161 de
692 2128 744 2162 re
768 2114 902 2161 bona
936 2113 1284 2161 deliberaturus
1318 2113 1377 2161 sit
1391 2129 1404 2173 ;
1431 2128 1528 2177 qua
1560 2129 1625 2171 re,
1654 2114 1692 2162 si

118 2194 234 2256 quid
273 2194 375 2242 eius
412 2194 547 2243 modi
584 2195 805 2253 evenerit,
839 2202 893 2241 ut
928 2195 1433 2258 arcessamur-quod
1468 2195 1693 2258 equidem

117 2290 217 2322 non
243 2289 386 2333 curo;
424 2276 541 2339 quid
566 2277 697 2324 enim
730 2291 888 2324 essem
926 2276 986 2324 de
1019 2292 1140 2340 pace
1174 2277 1401 2335 dicturuS,
1427 2276 1553 2335 dixi3
1590 2277 1695 2339 ipse

118 2352 254 2400 valde
301 2353 647 2415 repudiavit—,
691 2354 779 2402 sed
826 2362 1005 2414 tamen,
1049 2356 1088 2402 si
1136 2354 1253 2417 quid
1302 2354 1538 2413 acciderit,
1578 2354 1694 2418 quid

119 2447 319 2480 censeas
343 2433 462 2481 mihi
494 2434 783 2493 faciendum,
808 2435 973 2498 utique
1004 2436 1225 2494 scribito;
1264 2435 1380 2482 nihil
1413 2435 1543 2483 enim
1576 2433 1693 2483 mihi

119 2510 277 2558 adhuc
303 2511 490 2570 accidit,
515 2513 650 2574 quod
674 2513 869 2560 maioris
895 2513 1080 2560 consilii
1106 2520 1247 2561 esset.
1319 2512 1550 2572 Trebatii,
1574 2515 1693 2563 boni

118 2589 203 2635 viri
251 2597 297 2636 et
344 2589 473 2648 civis,
508 2591 664 2638 verbis
711 2599 758 2638 te
804 2591 996 2653 gaudeo
1040 2591 1344 2649 delectatum,
1381 2600 1560 2654 tuaque
1600 2593 1691 2641 ista

119 2667 286 2715 crebra
314 2668 553 2727 ἐκφώνησις
577 2666 788 2730 *ὑπ-ἕρπ’
813 2683 893 2716 me
926 2668 1030 2716 sola
1066 2669 1224 2717 adhuc
1262 2669 1523 2718 delectavit.
1594 2669 1690 2719 Lit-

120 2758 245 2798 teras
274 2755 379 2796 tuas
413 2748 718 2798 vehementer
750 2758 995 2812 exspecto,
1022 2766 1142 2814 quas
1180 2751 1376 2813 quidem
1413 2750 1559 2800 credo
1595 2753 1690 2801 iam

889 2846 926 2884 Μ
