2040 3048
124 104 192 156 Ep.
225 88 311 164 12.]
493 99 678 143 EPIST.
718 99 800 138 AD
836 98 1113 138 ATTJCUM
1145 99 1207 140 II.
1253 102 1334 156 19.
1628 100 1690 156 31

124 234 397 298 ‘dignitatis
451 237 559 292 ἅλις,
608 240 856 296 tamquam
908 234 1063 293 δρυόςε
1123 230 1276 288 saluti,
1326 228 1366 277 si
1413 244 1492 276 me
1546 243 1696 286 amas,

121 316 348 366 consule.'
420 315 505 363 Me
553 316 813 363 miserum!
863 329 947 362 cur
982 328 1084 361 non
1121 313 1275 361 ades?
1324 310 1440 359 nihil
1477 310 1697 373 profecto

122 406 168 446 te
193 394 467 461 praeteriret
485 413 497 457 3
536 412 630 459 ego
662 396 866 444 fortasse
899 399 1138 456 τυφλώττω
1171 403 1219 442 et
1251 394 1454 441 nimium
1486 396 1545 455 τῷ
1582 395 1697 454 καλῷ

119 481 434 547 προσπέποιιθα.
515 496 556 527 2.
595 478 724 527 Scito
760 478 876 525 nihil
912 492 1146 540 umquam
1183 477 1331 524 fuisse
1367 483 1467 522 tam
1502 474 1697 531 infame,

119 570 218 610 tam
253 548 404 624 turpe,
442 569 540 609 tam
576 575 817 623 peraeque
852 560 1079 607 omnibus
1116 559 1392 620 generibus,
1432 556 1699 613 ordinibus,

119 645 353 692 aetatibus
400 643 658 701 offensum,
703 658 850 706 quam
897 641 1027 690 hunc
1076 648 1266 694 statum.
1316 639 1398 702 qui
1439 654 1570 686 nunc
1611 646 1698 696 est,

119 727 274 789 magis
299 725 584 784 mehercule,
605 741 754 788 quam
777 725 963 784 vellem,
989 739 1090 771 non
1113 723 1265 772 modo
1291 737 1439 785 quam
1464 729 1699 784 putaram.

119 807 382 871 Populares
406 808 483 856 isti
507 808 604 855 iam
629 808 774 855 etiam
807 806 1054 855 modestos
1083 805 1307 853 homines
1333 804 1522 852 sibilare
1549 804 1699 852 docu-

119 899 270 938 erunt.
342 889 543 938 Bibulus
585 890 636 937 in
675 889 810 938 caelo
850 897 936 948 est,
976 904 1068 937 nec
1111 903 1208 951 qua
1249 903 1299 935 re
1343 886 1460 946 sci0‚
1510 886 1598 935 sed
1634 886 1700 935 ita

117 973 350 1032 laudatur,
389 973 527 1036 quasi

430 1068 537 1106 Unus
565 1068 685 1107 homo
715 1068 821 1106 nobis
851 1068 1065 1106 cunctando
1094 1066 1260 1105 restituit
1286 1079 1382 1105 rem.

120 1151 398 1216 PompeiuS,
437 1153 588 1201 nostri
623 1168 828 1210 amoreS‚
869 1153 1003 1215 quod
1038 1151 1155 1199 mihi
1193 1165 1387 1199 summo
1426 1149 1582 1198 dolori
1613 1157 1699 1207 est,

120 1235 224 1298 ipse
275 1250 326 1283 se
383 1234 595 1282 adflixit:
656 1234 903 1282 neminem
952 1242 1083 1281 tenet
1131 1233 1405 1292 voluntate3
1457 1247 1519 1279 ne
1567 1239 1701 1279 metu

120 1333 317 1366 necesse
366 1318 426 1366 sit
471 1312 529 1366 iis
577 1318 658 1375 uti,
707 1333 886 1365 vereor.
958 1315 1069 1379 Ego
1117 1325 1280 1364 autem
1328 1330 1489 1378 neque
1531 1330 1700 1377 pugno

121 1415 232 1448 cum
267 1400 345 1448 illa
381 1415 528 1449 causa
562 1407 760 1462 propter
792 1400 923 1447 illam
955 1399 1230 1456 amicitiam,
1268 1413 1427 1460 neque
1465 1397 1699 1459 approbo,

120 1494 181 1526 ne
229 1480 393 1527 omnia
439 1480 729 1542 improbem,
779 1494 904 1542 quae
954 1486 1096 1526 antea
1142 1477 1301 1540 gessi:
1349 1485 1459 1524 utor
1494 1476 1581 1523 via.
1657 1492 1699 1536 3.

120 1561 292 1624 Populi
327 1577 498 1610 sensus
531 1561 743 1610 maxime
780 1561 965 1608 theatro
1002 1569 1050 1608 et
1091 1559 1377 1623 spectaculis
1419 1566 1700 1626 perspectus

120 1652 221 1692 est:
258 1660 372 1692 nam
397 1644 742 1707 gladiatoribus
775 1659 871 1706 qua
907 1643 1134 1691 dominus
1168 1658 1264 1705 qua
1297 1641 1516 1690 advocati
1553 1641 1700 1688 sibilis

121 1727 382 1785 conscissi3
442 1726 567 1774 ludis
627 1725 988 1788 Apollinaribus
1047 1724 1272 1788 Diphilus
1330 1724 1591 1786 tragoedus
1651 1723 1700 1771 in

119 1818 339 1858 nostrum
375 1807 666 1870 Pompeium
701 1807 969 1870 petulanter
1004 1807 1219 1855 invectus
1257 1814 1358 1854 est:

555 1904 697 1942 Nostra
730 1903 878 1941 miseria
908 1909 951 1940 tu
980 1915 1018 1941 es
1046 1915 1261 1955 magnus—

121 1989 290 2036 millies
327 1995 525 2036 coactus
563 1995 634 2035 est
670 1987 828 2035 dicere
847 2002 861 2046 ;

246 2080 419 2123 Eandem
440 2084 623 2122 virtutem
654 2083 766 2121 istam
795 2082 922 2121 veniet
953 2090 1102 2133 tempus
1132 2094 1221 2121 cum
1250 2081 1418 2135 graviter
1446 2093 1575 2134 gemes

116 2167 266 2216 'totius
301 2168 471 2215 theatri
509 2167 718 2215 clamore
763 2167 880 2214 dixit
929 2167 1141 2229 itemque
1189 2174 1361 2215 cetera.
1433 2163 1563 2212 Nam
1601 2166 1702 2213 eius

122 2251 255 2299 modi
290 2258 401 2299 sunt
435 2251 466 2297 ii
502 2265 680 2307 versus,
730 2250 797 2297 uti
833 2250 882 2296 in
918 2257 1111 2312 tempus
1149 2250 1211 2297 ab
1246 2248 1444 2297 inimico
1481 2247 1702 2311 Pompeii

123 2334 286 2397 scripti
321 2348 426 2381 esse
461 2332 723 2380 videantur.

492 2428 528 2467 Si
558 2441 679 2479 neque
708 2429 809 2480 leges
839 2440 961 2478 neque
990 2441 1114 2466 mores
1143 2435 1339 2479 cogunt—-

124 2511 189 2560 Et
225 2520 382 2561 cetera
417 2528 599 2575 magno
649 2528 761 2561 cum
809 2512 1001 2560 fremitu
1050 2520 1096 2559 et
1145 2513 1355 2560 clamore
1405 2519 1516 2560 sunt
1564 2511 1701 2560 dicta.

128 2594 307 2643 Caesar
359 2609 468 2642 cum
519 2594 728 2642 venisset
777 2601 970 2642 mortuo
1019 2594 1205 2656 plausu,
1262 2592 1410 2663 Curio
1459 2594 1582 2641 filius
1634 2602 1706 2641 est

93 2676 406 2724 insecutus:
465 2676 575 2724 huic
630 2665 695 2724 ita
743 2676 967 2738 plausum
1021 2683 1105 2734 est,
1143 2683 1195 2723 ut
1243 2675 1373 2724 salva
1414 2692 1464 2724 re
1512 2676 1707 2738 publica

132 2757 367 2820 Pompeio
404 2757 567 2820 plaudi
604 2759 804 2807 solebat.
877 2759 1010 2807 Tulit
1043 2758 1223 2807 Caesar
1256 2758 1488 2821 graviter:
1526 2759 1705 2807 litterae
