2040 3048
288 102 357 165 84
737 111 800 153 M.
844 110 1043 148 TULLII
1078 109 1387 148 CICERONIS
1662 92 1774 167 [Pars
1801 106 1855 148 11.

286 251 431 299 saepe
456 236 579 284 facio
608 236 708 283 deis
733 234 1107 295 hominibusque
1132 233 1526 296 adprobantibus,
1596 231 1768 279 Habes
1794 230 1854 278 de

284 316 494 375 Vatinio,
530 332 773 379 cognosce
810 317 870 363 de
896 315 1099 367 Crasso.
1176 330 1250 363 20.
1290 314 1416 376 Ego,
1443 328 1554 361 cum
1590 311 1707 359 mihi
1743 326 1854 359 cum

284 398 363 446 illo
388 414 568 461 magna
591 399 685 445 iam
709 399 861 460 gratia
885 405 1025 454 esset,
1052 396 1185 459 quod
1210 397 1312 444 eius
1344 410 1515 442 omnes
1549 393 1854 456 gravissimas

284 479 478 526 iniurias
515 479 788 527 communis
825 478 1115 526 concordiae
1152 492 1297 525 causa
1337 477 1603 524 voluntaria
1645 474 1854 538 quadam

283 557 523 604 oblivione
589 558 921 614 contriveram,
986 557 1288 619 repentinam
1353 556 1454 603 eius
1522 554 1855 602 defensionem

284 637 494 697 Gabinii,
530 654 676 701 quem
717 638 952 700 proximis
998 633 1368 704 [superioribus]
1413 636 1583 684 diebus
1627 636 1855 682 acerrime

283 728 632 783 oppugnasset,
668 728 843 778 tamen,
879 720 919 767 si
956 720 1058 767 sine
1094 719 1189 766 ulla
1224 734 1334 766 mea
1369 717 1658 766 contumelia
1694 731 1855 764 susce-

282 801 444 864 pisset,
481 801 695 848 tulissem
711 817 723 860 ;
774 801 876 859 sed,
913 816 1024 848 cum
1069 816 1147 848 me
1191 801 1530 862 disputantem,
1567 813 1668 845 non
1706 798 1854 845 laces-

283 891 468 929 sentem
503 881 733 938 laesisset,
765 882 920 928 exarsi
956 897 1057 928 non
1094 881 1250 929 solum
1286 880 1541 942 praesenti,
1576 879 1736 937 credo,
1765 880 1855 925 ira-

283 963 642 1011 cundia—nam
680 979 738 1010 ea
779 971 878 1010 tam
916 963 1174 1010 vehemens
1211 963 1414 1010 fortasse
1450 977 1552 1009 non
1588 961 1755 1009 fuisset
1776 990 1855 1018 -—,

284 1045 383 1102 sed,
424 1060 536 1092 cum
578 1045 817 1091 inclusum
859 1044 974 1092 illud
1014 1044 1181 1091 odium
1228 1044 1486 1091 multarum
1532 1043 1633 1090 eius
1680 1043 1730 1089 in
1777 1057 1856 1088 me

282 1126 572 1182 iniuriarum,
601 1126 734 1188 quod
767 1140 861 1187 ego
894 1125 1120 1172 effudisse
1154 1140 1232 1172 me
1262 1140 1408 1172 omne
1439 1124 1714 1180 arbitrabar,
1741 1125 1855 1171 resi-

284 1210 433 1257 duum
458 1218 621 1256 tamen
647 1208 878 1256 insciente
904 1223 982 1255 me
1007 1208 1186 1265 fuisset,
1213 1223 1360 1255 omne
1389 1215 1587 1269 repente
1619 1208 1852 1269 apparuit.

284 1290 399 1348 Quo
424 1289 620 1353 quidem
647 1297 864 1351 tempore
894 1289 1001 1351 ipso
1029 1289 1225 1351 quidam
1257 1288 1494 1347 homineS,
1520 1295 1567 1335 et
1599 1288 1744 1335 iidem
1777 1287 1854 1344 illi,

284 1387 408 1435 quos
442 1387 585 1433 saepe
618 1377 733 1417 nutu
767 1370 1214 1432 significationeque
1244 1369 1449 1431 appello,
1476 1384 1588 1416 cum
1620 1384 1671 1417 se
1702 1370 1854 1416 maxi-

284 1470 419 1502 mum
455 1454 661 1501 fructum
698 1453 884 1514 cepisse
927 1453 1138 1500 dicerent
1175 1468 1234 1500 ex
1275 1452 1490 1499 libertate
1532 1468 1643 1499 mea
1680 1467 1855 1514 meque

284 1546 387 1584 tum
413 1536 619 1597 denique
645 1535 734 1582 sibi
767 1549 872 1581 esse
907 1535 1063 1581 visum
1095 1534 1162 1581 rei
1193 1533 1428 1595 publicae,
1455 1533 1608 1596 qualis
1639 1533 1852 1592 fuissem,

285 1618 565 1675 restitutum,
584 1631 791 1677 cumque
817 1630 875 1662 ea
899 1616 1144 1663 contentio
1170 1615 1286 1661 mihi
1311 1630 1545 1676 magnum
1571 1616 1715 1662 etiam
1740 1615 1854 1663 foris

286 1701 490 1749 fructum
509 1700 701 1755 tulisset,
718 1697 929 1763 gaudere
949 1713 1000 1745 se
1021 1698 1245 1745 dicebant
1262 1697 1377 1743 mihi
1398 1705 1444 1745 et
1461 1697 1592 1744 illum
1610 1698 1852 1745 inimicum

286 1792 333 1831 et
380 1797 480 1839 eos,
521 1781 602 1844 qui
650 1781 698 1826 in
748 1779 920 1826 eadem
963 1794 1108 1826 causa
1149 1786 1325 1836 essent,
1366 1793 1631 1841 numquam
1672 1780 1855 1826 amicos

287 1865 498 1911 futuros:
525 1877 731 1924 quorum
756 1861 906 1923 iniqui
932 1876 1180 1909 sermones
1207 1875 1316 1907 cum
1342 1860 1405 1907 ad
1429 1876 1507 1908 me
1531 1875 1617 1922 per
1634 1860 1855 1908 homines

286 1946 652 1993 honestissimos
686 1941 1006 2005 perferrentur
1038 1958 1244 2004 cumque
1279 1942 1541 2006 Pompeius
1566 1943 1631 1989 ita
1656 1950 1855 1990 conten-

289 2027 451 2083 disset,
474 2033 527 2072 ut
559 2024 675 2070 nihil
706 2038 938 2085 umquam
966 2025 1136 2084 magis,
1161 2032 1214 2070 ut
1238 2039 1350 2071 curn
1375 2023 1554 2072 Crasso
1578 2023 1782 2070 redirem
1806 2023 1855 2069 in

288 2108 503 2169 gratiam,
532 2105 807 2167 Caesarque
832 2120 916 2166 per
941 2105 1116 2152 litteras
1141 2106 1353 2152 maxima
1377 2120 1429 2152 se
1453 2105 1672 2152 molestia
1696 2120 1755 2151 ex
1779 2105 1857 2152 illa

290 2188 599 2237 contentione
642 2186 883 2233 adfectum
925 2186 1216 2243 ostenderet,
1253 2185 1398 2232 habui
1439 2201 1540 2233 non
1582 2194 1856 2248 temporum

290 2270 448 2318 solum
471 2269 709 2316 rationem
741 2282 976 2324 meorum,
1002 2267 1090 2315 sed
1122 2268 1266 2314 etiam
1302 2276 1513 2325 naturae,
1540 2267 1855 2329 Crassusque,

291 2360 343 2399 ut
362 2351 498 2413 quasi
521 2358 691 2397 testata
714 2349 896 2412 populo
921 2348 1148 2396 Romano
1175 2355 1301 2396 esset
1325 2357 1490 2396 nostra
1512 2350 1677 2411 gratia,
1703 2365 1858 2411 paene

291 2449 322 2480 a
354 2433 476 2479 meis
513 2431 716 2478 Laribus
750 2431 799 2477 in
835 2430 1130 2492 provinciam
1166 2437 1237 2477 est
1272 2429 1543 2491 profectus;
1581 2446 1710 2488 narn,
1747 2447 1858 2478 cum

291 2514 409 2561 mihi
442 2514 751 2569 condixisset‚
778 2512 965 2559 cenavit
996 2511 1125 2573 apud
1157 2526 1235 2558 me
1267 2511 1315 2557 in
1349 2512 1443 2558 mei
1475 2512 1640 2573 generi
1675 2511 1858 2559 Crassi-

292 2596 429 2658 pedis
462 2594 623 2642 hortis.
696 2593 859 2652 Quam
889 2594 954 2640 ob
978 2608 1080 2640 rem
1105 2593 1205 2639 eius
1231 2607 1441 2649 causam,
1468 2593 1599 2654 quod
1623 2601 1668 2640 te
1694 2593 1859 2640 scribis

294 2677 499 2734 audisse,
531 2692 709 2737 magna
744 2676 866 2722 illius
904 2674 1325 2722 commendatione
1359 2683 1632 2736 susceptam
1666 2674 1859 2721 defendi

295 2759 343 2804 in
391 2766 574 2816 senatu,
618 2758 739 2806 sicut
786 2772 895 2805 mea
942 2756 1061 2804 fides
1108 2756 1396 2818 postulabat.
1484 2770 1559 2803 21.
1602 2755 1858 2817 Accepisti‚
