2040 3048
303 98 402 150 182
751 108 816 149 M.
861 108 1066 148 TULLII
1102 106 1416 147 OlcERONIS
1630 144 1634 149 ,
1663 94 1778 161 [Pars
1802 104 1873 146 w.

298 248 373 281 res
397 243 504 282 acta
532 235 599 283 sic
634 242 790 283 esset:
828 233 1014 281 delatus
1046 239 1118 280 est
1150 231 1213 279 ad
1236 246 1315 278 me
1349 229 1635 288 fasciculus;
1674 229 1807 285 solvi,
1832 229 1872 277 si

298 316 412 378 quid
441 316 502 363 ad
531 332 609 364 me
643 323 768 363 esset
799 315 1085 363 litterarum:
1125 312 1242 361 nihil
1275 321 1401 371 erat;
1446 310 1651 374 epistola
1674 309 1871 358 Vatinio

300 406 347 445 et
375 397 573 460 Ligurio
604 397 776 457 altera3
814 396 930 444 iussi
959 395 1021 444 ad
1051 409 1136 443 eos
1166 394 1370 453 deferri3
1409 393 1473 440 illi
1506 392 1568 440 ad
1601 408 1679 440 me
1714 392 1871 440 statim

298 479 521 527 ardentes
581 479 747 527 dolore
794 486 1042 535 venerunt,
1098 477 1252 525 scelus
1304 476 1514 524 hominis
1574 475 1839 523 clamantes
1857 488 1870 531 ;

299 561 526 623 epistolas
550 561 666 608 mihi
691 561 909 623 legerunt
940 559 1109 622 plenas
1142 559 1361 607 omnium
1397 558 1446 605 in
1482 573 1562 605 me
1590 557 1868 619 proborum.

299 642 396 690 Hic
421 642 644 705 Ligurius
669 643 853 691 furere:
891 657 942 690 se
969 642 1098 690 enim
1132 642 1251 689 scire
1284 655 1476 688 summo
1509 639 1642 686 illum
1674 638 1724 685 in
1756 636 1872 684 odio

297 723 443 773 fuisse
470 724 698 785 Caesari3
736 725 864 773 hunc
890 733 1052 772 tamen
1085 739 1185 772 non
1218 723 1369 771 modo
1395 722 1579 779 favisse,
1607 720 1693 768 sed
1726 720 1870 767 etiam

297 814 479 855 tantam
519 808 583 854 illi
624 808 881 870 pecuniam
924 807 1115 854 dedisse
1153 805 1350 853 honoris
1388 805 1483 852 mei
1524 818 1680 852 causa.
1755 800 1870 848 Hoc
1925 836 1927 841 .

298 903 392 950 ego
419 889 586 937 dolore
611 897 813 951 accepto
832 889 960 936 volui
986 888 1121 945 scire,
1141 887 1258 950 quid
1282 887 1551 949 scripsisset
1576 885 1638 933 ad
1663 893 1869 940 ceteros;

297 971 387 1032 ipsi
419 971 548 1018 enim
573 971 637 1018 illi
662 971 824 1034 putavi
853 970 1178 1032 perniciosum
1215 968 1330 1027 fore,
1357 969 1397 1015 si
1430 969 1532 1015 eius
1556 966 1650 1014 hoc
1683 973 1869 1013 tantum

297 1051 453 1099 scelus
495 1053 884 1115 percrebruisset.
954 1050 1179 1113 Cognovi
1219 1050 1433 1099 eiusdem
1476 1049 1680 1111 generis,
1723 1047 1786 1095 ad
1823 1055 1870 1094 te

297 1134 434 1194 misi3
472 1149 592 1198 quas
618 1135 657 1183 si
690 1135 880 1198 putabis
913 1134 977 1181 illi
1001 1135 1092 1196 ipsi
1121 1134 1233 1181 utile
1259 1149 1365 1181 esse
1390 1133 1539 1191 reddi,
1564 1130 1766 1189 reddes;
1804 1129 1870 1177 nil

295 1230 374 1263 me
411 1216 581 1264 laedet.
653 1215 798 1276 Nam,
836 1215 970 1280 quod
1007 1216 1278 1278 resignatae
1320 1222 1444 1274 sunt,
1480 1214 1641 1272 habet,
1677 1212 1868 1274 opinor,

297 1298 399 1344 eius
425 1298 617 1359 signum
642 1297 929 1360 Pomponia.
1002 1297 1112 1345 Hac
1131 1297 1207 1344 ille
1233 1297 1488 1344 acerbitate
1514 1296 1647 1342 initio
1672 1294 1867 1354 naviga-

295 1379 438 1427 tionis
471 1395 583 1428 cum
615 1395 730 1428 usus
766 1389 904 1438 esset,
930 1388 1065 1427 tanto
1100 1394 1179 1426 me
1212 1379 1377 1426 dolore
1410 1378 1598 1436 adfecit,
1624 1385 1677 1425 ut
1701 1383 1870 1439 postea

295 1461 536 1520 iacuerim,
562 1476 720 1525 neque
746 1477 876 1510 nunc
908 1469 1006 1509 tam
1039 1475 1128 1524 pro
1161 1476 1212 1508 se
1246 1476 1391 1523 quam
1426 1467 1593 1507 contra
1628 1474 1707 1506 me
1732 1458 1867 1506 labo·

296 1557 400 1591 rare
425 1543 609 1591 dicitur.
684 1559 728 1605 3.
765 1543 839 1591 Ita
861 1543 1087 1591 omnibus
1112 1543 1254 1589 rebus
1282 1556 1468 1604 urgeor,
1489 1555 1610 1602 quas
1634 1540 1870 1587 sustinere

296 1625 372 1672 vix
411 1639 611 1688 possum
655 1625 727 1673 vel
766 1625 908 1688 plane
949 1623 1081 1672 nullo
1128 1624 1278 1671 modo
1321 1638 1550 1685 possum,
1601 1622 1776 1684 quibus
1818 1621 1867 1668 in

296 1707 497 1755 miseriis
521 1723 618 1755 una
641 1715 714 1755 est
738 1723 827 1770 pro
859 1707 1099 1765 omnibus,
1125 1706 1259 1769 quod
1292 1706 1432 1754 istam
1464 1705 1688 1752 miseram
1721 1704 1866 1766 patri-

295 1790 477 1848 monio,
503 1789 692 1838 fortuna
725 1790 859 1838 omni
891 1788 1147 1852 spoliatam
1181 1788 1476 1850 relinquam:
1515 1802 1612 1850 qua
1646 1801 1696 1833 re
1731 1794 1793 1844 te,
1819 1797 1869 1833 ut

294 1872 546 1936 polliceris,
572 1872 730 1920 videre
754 1872 896 1935 plane
921 1871 1062 1919 velim
1083 1887 1098 1931 ς,
1136 1871 1280 1919 alium
1306 1871 1452 1929 enim,
1478 1870 1554 1918 cui
1577 1869 1707 1916 illam
1733 1883 1863 1916 com-

293 1955 536 2012 mendem,
561 1953 718 2003 habeo
751 1954 1010 2012 neminem,
1036 1953 1268 2016 quoniam
1299 1953 1438 2001 matri
1470 1965 1665 2015 quoque
1695 1950 1866 1998 eadem
1894 2013 1900 2018 δ

294 2036 504 2083 intellexi
540 2051 645 2084 esse
678 2044 858 2099 parata,
884 2051 1008 2098 quae
1043 2035 1175 2083 mihi.
1250 2035 1360 2094 Sed,
1394 2035 1434 2082 si
1465 2049 1544 2081 me
1580 2048 1681 2080 non
1711 2031 1866 2080 offen-

295 2119 396 2177 des,
423 2119 537 2166 satis
562 2127 724 2166 tamen
749 2118 926 2167 habeto
956 2118 1348 2166 commendatam
1372 2125 1692 2181 patruumque
1717 2116 1766 2163 in
1793 2131 1863 2174 ea,

294 2208 529 2264 quantum
564 2201 762 2263 poteris,
796 2201 1030 2262 mitigato.
1104 2199 1244 2247 Haec
1280 2200 1342 2247 ad
1379 2208 1424 2247 te
1461 2199 1538 2246 die
1570 2197 1715 2245 natali
1751 2212 1863 2245 meo

294 2282 478 2345 scripsi,
503 2295 601 2346 quo
631 2282 815 2330 utinam
848 2289 1099 2344 susceptus
1131 2295 1233 2329 non
1269 2296 1427 2329 essem
1459 2288 1540 2328 aut
1571 2294 1632 2327 ne
1658 2279 1775 2342 quid
1804 2296 1862 2327 ex

294 2364 465 2412 eadem
506 2372 656 2411 matre
697 2371 870 2427 postea
910 2371 1077 2411 natum
1118 2364 1271 2411 esset!
1320 2363 1457 2425 plura
1500 2362 1705 2410 scribere
1749 2360 1862 2408 fletu

291 2447 564 2511 prohibeor.
