2040 3048
121 120 274 171 Ep·57,
298 108 390 176 58·]
415 117 603 162 EPIST.
642 119 723 158 AD
760 118 1037 159 ATTICUM
1076 119 1206 157 Vns.
1254 119 1315 174 15
1353 117 1404 157 A.
1598 122 1698 175 ¹43

117 245 187 297 iis,
232 245 313 308 qui
361 260 472 293 eum
519 245 730 293 maxime
778 245 1050 304 timuerant,
1092 245 1301 293 maxime
1350 243 1581 306 diligetur.
1658 259 1697 289 2.

118 325 327 376 Multum
360 341 552 375 mecum
587 326 906 389 municipales
940 326 1163 374 homines
1197 326 1472 388 loquuntur,
1496 323 1699 371 multum

117 408 368 465 rusticani:
428 407 544 454 nihil
599 421 795 469 prorsus
852 407 980 455 aliud
1039 415 1210 456 curant
1260 407 1351 454 nisi
1401 421 1560 469 agrOS,
1606 406 1709 453 nisi.

118 488 312 549 villulaS,
336 489 429 537 nisi
453 488 732 537 nummulos
758 504 887 537 suos.
959 489 1023 538 Et
1046 489 1169 547 vide,
1190 504 1339 551 quarn
1365 502 1601 537 conversa
1624 501 1699 535 res

118 571 204 629 sit;
241 571 389 629 illum,
415 585 514 634 quo
552 578 693 619 antea
731 571 1058 629 confidebant,
1093 580 1328 628 metuunt,
1356 570 1484 618 hunc
1521 577 1708 625 amant,-

117 667 264 716 quem
321 653 568 700 timebant.
644 651 703 700 Id
752 653 946 714 quantis
994 653 1172 701 nostris
1220 652 1433 715 peccatis
1480 652 1708 713 vitiisque»

117 735 340 800 evenerit,
357 749 458 783 non
484 747 686 797 possum
711 734 824 780 sine
839 734 1065 781 molestia
1090 735 1316 796 cogitare.
1377 732 1518 792 Quae
1539 741 1697 780 autem

117 816 396 879 impendere
425 824 659 879 putarem,
686 815 973 878 scripseram
1007 815 1069 863 ad
1102 824 1163 875 te,
1187 824 1235 866 et
1253 816 1357 866 ,iam
1383 824 1490 863 tuas
1518 815 1699 883 litteras

118 899 477 962 exspectabam.
1200 961 1202 963 V

416 988 491 1034 58.
565 985 663 1034 AD
698 986 1023 1035 ATTICUM
1061 987 1200 1036 VIII.
1246 999 1303 1048 15
1340 987 1401 1036 A.

546 1062 726 1116 BA'LBUS
762 1083 986 1118 CICERON1
1021 1085 1120 1118 IMP.
1157 1085 1259 1118 SAL.

192 1176 230 1208 1.
269 1159 494 1207 OBSECRO
528 1164 590 1215 te,
617 1155 804 1215 Cicer0,
839 1158 1029 1221 suscipe
1066 1174 1231 1206 curam
1267 1165 1315 1206 et
1351 1156 1697 1219 cogitationem

117 1238 450 1301 dignissimam
497 1244 607 1283 tuae
654 1235 849 1293 virtutis,
898 1244 950 1283 ut
998 1236 1260 1285 Caesarem
1313 1245 1361 1284 et
1408 1235 1698 1297 Pompeium

116 1319 316 1384 perfidia
346 1317 602 1365 hominum
636 1317 892 1365 distractos
925 1333 1086 1366 rursus
1123 1319 1174 1366 in
1206 1319 1459 1381 pristinam
1496 1330 1699 1365 concor-

117 1403 246 1450 diam
281 1399 497 1448 reducas.
569 1397 727 1446 Crede
761 1399 878 1446 mihi
912 1399 1173 1449 Caesarem
1207 1415 1308 1448 non
1345 1399 1503 1447 solum
1536 1398 1586 1445 in
1620 1406 1700 1444 tua

116 1489 367 1547 potestate,
393 1480 481 1529 sed
506 1480 651 1527 etiam
688 1481 956 1529 maximum
994 1482 1285 1530 beneficium
1319 1489 1366 1529 te
1391 1481 1482 1529 sibi
1507 1479 1699 1528 dedisse

115 1566 448 1620 iudicaturum,
496 1562 536 1610 si
577 1561 672 1609 huc
717 1570 765 1610 te
811 1564 980 1612 reiicis.
1051 1564 1212 1612 Velim
1259 1565 1390 1612 idem
1438 1561 1698 1624 Pompeius

116 1648 270 1705 faciat,
296 1645 378 1708 qui
414 1651 466 1691 ut
499 1643 673 1691 adduci
710 1643 791 1691 tali
827 1653 1047 1708 tempore
1073 1646 1135 1693 ad
1171 1647 1319 1694 ullam
1356 1645 1696 1694 condicionem

114 1728 283 1792 possit,
322 1726 476 1787 magis
512 1733 631 1787 opto
667 1740 814 1788 quam
851 1741 995 1788 spero
1012 1744 1025 1787 3
1065 1728 1163 1784 sed,
1202 1743 1314 1776 cum
1352 1725 1615 1775 constiterit
1651 1732 1698 1772 et

114 1811 282 1858 timere
307 1807 512 1864 desierit,
537 1814 640 1854 tum
674 1806 902 1869 incipiam
927 1823 1028 1855 non
1055 1809 1310 1872 desperare
1336 1818 1469 1856 tuam
1493 1808 1698 1856 auctori-

114 1901 261 1940 tatem
286 1889 546 1952 plurimum
571 1888 702 1950 apud
727 1903 840 1935 eum
858 1888 1119 1938 valituram.
1198 1908 1239 1939 2.
1268 1891 1418 1950 Quod
1438 1889 1698 1938 Lentulum

118 1967 410 2039 [consulem]
462 1984 625 2017 meum
673 1969 860 2017 voluisti
908 1970 987 2019 hic
1034 1987 1295 2031 remanere,
1348 1971 1543 2021 Caesari
1590 1986 1696 2034 gra-

115 2065 230 2113 tum,
271 2052 388 2100 mihi
431 2065 544 2098 vero
582 2051 909 2112 gratissimum
946 2053 1136 2102 medius
1172 2055 1314 2103 fidius
1351 2053 1531 2113 fecisti;
1584 2068 1698 2100 nam

115 2138 247 2185 illum
270 2134 390 2183 tanti
413 2132 555 2191 faci0,
579 2139 633 2180 ut
665 2147 767 2180 non
793 2131 1058 2183 Caesarem
1090 2137 1247 2198 magis
1273 2136 1499 2199 diligam;
1539 2135 1621 2198 qui
1657 2137 1697 2183 si

115 2232 286 2282 passus
302 2222 431 2263 esset
454 2228 546 2262 nos
565 2229 746 2272 secum,
763 2223 816 2262 ut
839 2231 1262 2277 consueveramus,
1286 2218 1420 2282 loqui
1446 2225 1493 2265 et
1517 2232 1619 2265 non
1644 2232 1697 2265 se

114 2308 270 2348 totum
294 2298 438 2346 etiam
463 2304 510 2344 et
533 2297 677 2344 etiarn
710 2298 773 2344 ab
798 2312 1022 2346 sermone
1048 2307 1216 2347 nostro
1247 2300 1509 2357 avertisset,
1536 2300 1696 2348 minus

115 2382 272 2439 miser,
297 2393 446 2443 quam
478 2393 599 2436 sum,
627 2394 800 2426 essem.
874 2379 1004 2428 Nam
1041 2397 1155 2429 cave
1190 2390 1331 2443 putes
1360 2381 1454 2428 hoc
1477 2389 1695 2444 ternpore

115 2463 337 2526 plussm'e
372 2475 667 2524 quemquam
703 2462 916 2521 cruciari,
954 2463 1087 2525 quod
1124 2478 1249 2520 eum,
1289 2478 1435 2526 quem
1470 2471 1581 2511 ante
1617 2479 1696 2511 me

115 2544 277 2606 dili-go,
301 2543 441 2590 video
465 2543 515 2589 in
540 2543 795 2591 consulatu
814 2544 1001 2606 quidvis
1027 2546 1187 2606 potius
1214 2559 1320 2593 esse
1346 2559 1492 2608 quam
1517 2560 1695 2593 consu-

114 2627 224 2674 lem.
296 2622 446 2682 Quod
470 2623 510 2670 si
541 2624 740 2672 voluerit
772 2624 854 2672 tibi
888 2627 1222 2688 obtemperare
1247 2633 1295 2673 et
1318 2627 1461 2674 nobis
1487 2628 1547 2675 de
1573 2627 1695 2676 Cae-

116 2723 220 2756 sare
262 2706 458 2754 credere
499 2714 548 2753 et
588 2707 893 2754 consulatum
937 2707 1173 2771 reliquum
1218 2707 1408 2755 Romae
1449 2724 1693 2772 peragere,

113 2787 341 2850 incipiam
378 2800 569 2850 sperare
605 2788 750 2835 etiam
789 2788 990 2836 consilio
1034 2797 1243 2847 senatus,
1283 2798 1480 2837 auctore
1518 2798 1580 2846 te,
1617 2791 1696 2838 illo
