2040 3048
264 82 326 119 10
714 82 777 122 M.
819 82 1015 123 TULLII
1052 86 1364 127 CICERONIS
1650 74 1762 144 [Pars
1790 85 1822 128 1.

254 209 369 258 mihi
405 209 680 261 Canusinus
711 220 823 261 tuus
860 212 1038 276 hospes
1075 214 1295 273 reddidit,
1334 215 1535 274 tertiam,
1570 230 1730 278 quam,
1771 222 1823 264 ut

255 291 434 349 scribis,
473 307 651 341 ancora
687 294 841 342 soluta
879 295 939 343 de
976 296 1176 358 phaselo
1220 296 1420 356 dedisti;
1464 313 1589 360 quae
1631 297 1823 345 fuerunt

255 387 440 431 omnes,
479 379 532 421 ut
567 375 811 423 rhetorum
859 378 992 439 pueri
1038 378 1309 441 loquuntur,
1351 394 1462 426 cum
1510 379 1823 427 humanitatis

254 469 450 516 sparsae
481 455 592 514 sale,
619 464 719 504 tum
753 458 966 521 insignes
998 460 1174 507 amoris
1208 460 1362 508 notis:
1401 461 1574 523 quibus
1606 460 1823 523 epistolis

255 551 363 584 sum
410 538 635 600 equidem
683 540 770 587 abs
817 547 863 587 te
912 540 1161 590 lacessitus
1211 542 1272 590 ad
1319 542 1693 601 rescribendum,
1738 542 1824 590 sed

255 618 433 667 idcirco
454 635 560 667 sum
578 621 771 679 tardior,
789 622 921 684 quod
945 637 1045 671 non
1070 623 1261 671 invenio
1284 623 1474 672 fidelem
1498 624 1824 682 tabellarium;

255 709 430 762 quotus
463 702 591 749 enirn
625 704 826 766 quisque
860 691 950 762 est,¹
973 705 1053 768 qui
1088 705 1339 767 epistolam
1381 706 1525 768 paulo
1557 706 1825 768 graviorem

256 782 376 831 ferre
422 784 587 847 possit,
628 786 717 833 nisi
766 801 874 834 eam
911 786 1197 848 pellectione
1235 787 1482 836 relevarit?
1525 788 1709 836 accedit
1751 802 1826 845 e0,

255 865 387 927 quod
415 866 531 913 mihi
563 865 708 926 non*‚
734 875 787 915 ut
811 868 1014 931 quisque
1044 868 1093 916 in
1125 869 1325 934 Epirum
1350 870 1695 933 proficiscitur:
1733 884 1827 932 ego

256 948 385 994 enirn
429 956 475 995 te
517 949 719 996 arbitror
756 950 909 998 caesis
945 950 1075 1012 apud
1111 950 1419 1000 Amaltheam
1455 961 1587 999 tuam
1622 952 1827 1000 victimis

256 1029 414 1077 statim
438 1044 544 1077 esse
569 1030 631 1077 ad
657 1030 915 1093 Sicyonem
935 1032 1321 1094 oppugnandum
1341 1033 1612 1096 profectum
1626 1050 1639 1093 ;
1667 1048 1825 1097 neque

255 1118 417 1158 tamen
450 1111 498 1159 id
527 1112 686 1174 ipsum
712 1121 894 1160 certum
919 1113 1091 1173 habe0,
1114 1115 1310 1178 quando
1337 1116 1398 1163 ad
1422 1116 1692 1164 Antonium
1717 1131 1826 1180 pro·

256 1192 467 1241 ficiscare
509 1201 588 1241 aut
630 1194 746 1257 quid
785 1195 835 1242 in
877 1193 1028 1258 Epiro
1069 1198 1301 1259 temporis
1341 1212 1528 1260 ponas:
1570 1198 1636 1246 ita
1669 1212 1827 1261 neque

255 1275 478 1323 Achaicis
535 1275 808 1324 hominibus
866 1292 1023 1339 neque
1079 1277 1337 1341 Epiroticis
1392 1279 1536 1342 paulo
1583 1280 1826 1328 liberiores

254 1356 432 1406 litteras
451 1358 750 1406 committere
771 1359 942 1408 audeo.
1016 1376 1058 1408 2.
1097 1361 1217 1409 Sunt
1242 1369 1402 1409 autem
1426 1370 1537 1424 post
1556 1362 1822 1411 discessum

257 1454 285 1486 a
319 1454 396 1487 me
431 1446 566 1487 tuum
602 1455 678 1488 res
715 1440 891 1503 dignae
923 1442 1087 1490 litteris
1123 1443 1314 1500 nostris,
1352 1443 1438 1491 sed
1470 1459 1572 1492 non
1605 1444 1824 1492 commit-

257 1521 429 1569 tendae
462 1522 564 1569 eius
596 1513 729 1571 modi
750 1523 990 1586 periculo,
1016 1532 1067 1572 ut
1101 1533 1182 1573 aut
1213 1525 1400 1573 interire
1431 1534 1512 1573 aut
1545 1527 1714 1588 aperiri
1747 1535 1828 1574 aut

259 1604 476 1666 intercipi
511 1605 713 1667 possint.
786 1605 999 1653 Primum
1035 1607 1176 1669 igitur
1211 1607 1328 1655 scito
1364 1608 1574 1670 primum
1610 1623 1689 1655 me
1726 1623 1827 1656 non

257 1702 362 1735 esse
418 1693 641 1749 rogatum
699 1687 984 1735 sententiam
1042 1689 1467 1752 praepositumque
1524 1705 1629 1738 esse
1684 1691 1826 1738 nobis

257 1768 610 1830 pacificatorem
652 1768 988 1831 Allobrogum,
1030 1770 1176 1832 idque
1222 1771 1612 1819 admurmurante
1659 1780 1827 1820 senatu

258 1866 412 1913 neque
437 1865 515 1898 me
539 1850 686 1898 invito
710 1866 816 1899 esse
840 1851 1018 1899 factum
1038 1868 1050 1911 3
1084 1868 1191 1900 sum
1216 1854 1345 1900 enim
1371 1861 1418 1900 et
1441 1854 1501 1901 ab
1526 1853 1828 1902 observando

258 1931 452 1986 homine
499 1947 723 1994 perverso
765 1933 896 1991 liber,
940 1941 987 1981 et
1028 1934 1088 1981 ad
1133 1934 1413 1996 dignitatem
1456 1936 1505 1981 in
1547 1951 1597 1983 re
1636 1936 1830 1998 publica

257 2014 555 2063 retinendam
576 2022 743 2062 contra
762 2014 885 2063 illius
903 2015 1193 2063 voluntatem
1213 2016 1410 2074 solutuS,
1427 2024 1474 2065 et
1491 2017 1566 2065 ille
1587 2017 1828 2065 secundus

257 2096 307 2144 in
347 2095 553 2144 dicendo
594 2096 729 2144 locus
767 2095 911 2145 habet
949 2098 1280 2146 auctoritatem
1319 2113 1474 2160 paene
1513 2099 1740 2161 principis
1780 2108 1828 2147 et

258 2179 550 2227 voluntatem
615 2193 716 2226 non
782 2179 923 2227 nimis
983 2180 1252 2228 devinctam
1311 2180 1545 2228 beneficio
1606 2181 1828 2229 consulis.

259 2260 452 2309 Tertius
510 2267 581 2308 est
640 2258 855 2319 Catulus,
913 2269 1123 2324 quartus,
1176 2262 1215 2309 si
1273 2262 1417 2310 etiam
1476 2262 1570 2310 hoc
1625 2263 1829 2325 quaeris,

260 2342 565 2391 Hortensius.
636 2341 820 2391 Consul
855 2351 1015 2390 autem
1052 2343 1154 2406 ipse
1191 2358 1339 2405 parvo
1375 2344 1538 2392 animo
1581 2352 1628 2392 et
1666 2359 1828 2407 pravo,

258 2434 441 2473 tantum
484 2423 723 2473 cavillator
763 2440 938 2487 genere
981 2425 1059 2472 illo
1102 2440 1316 2483 moroso,
1360 2426 1493 2488 quod
1534 2425 1678 2473 etiarn
1726 2426 1829 2474 sine

259 2507 507 2556 dicacitate
531 2507 721 2561 ridetur,
742 2506 862 2555 facie
886 2507 1041 2568 magis
1066 2521 1213 2569 quam
1239 2506 1419 2555 facetiis
1448 2507 1687 2566 ridiculuS‚
1714 2508 1830 2556 nihil

258 2605 407 2652 agens
445 2604 556 2637 curn
594 2604 644 2636 re
680 2589 882 2651 publica,
921 2589 1164 2637 seiunctus
1207 2590 1268 2637 ab
1306 2590 1629 2652 optimatibus,
1667 2605 1695 2637 a
1730 2604 1829 2654 quo

257 2671 371 2718 nihil
397 2685 561 2734 speres
584 2671 699 2718 boni
724 2672 790 2718 rei
815 2671 1048 2732 publicae,
1076 2672 1189 2733 quia
1213 2686 1314 2719 non
1340 2672 1449 2730 volt,
1477 2672 1592 2719 nihil
1619 2668 1826 2739 [speres]

256 2753 382 2811 mali,
409 2753 520 2816 quia
553 2768 653 2800 non
686 2754 841 2801 audet.
914 2752 1030 2801 Eius
1065 2762 1224 2802 autern
1258 2753 1445 2816 collega
1473 2762 1518 2802 et
1541 2754 1590 2800 in
1616 2768 1693 2801 me
1717 2768 1826 2816 per-
