2040 3048
347 53 422 103 xii
930 62 1066 103 VITA
1112 63 1436 103 CICERONIS.

396 193 501 220 Annus
519 192 628 240 aetatis

420 233 586 262 Ciceronis.
1785 236 1894 263 Aac.

482 293 534 334 54
674 283 731 321 M.
748 283 901 321 Crassus
921 290 1052 321 contra
1074 281 1233 320 Parthos
1253 295 1425 335 pugnans
1444 282 1627 321 occiditur
1667 312 1678 325 .
1803 290 1878 334 701

482 361 531 400 55
673 352 715 389 P.
730 350 887 389 Clodius
908 363 928 388 a
949 350 999 389 T.
1015 350 1163 389 Milone
1184 350 1343 391 occisus.
1392 350 1464 390 Cn.
1477 351 1679 399 Pompeius

722 419 772 457 iii.
794 419 936 467 consul,
961 420 1039 458 sine
1061 420 1206 471 collega
1297 448 1307 459 .
1418 447 1428 458 .
1540 448 1551 459 .
1662 447 1672 458 .
1802 424 1877 469 702

443 487 576 539 56-57
674 487 808 526 Cicero
829 487 1001 526 Ciliciam
1023 500 1092 537 pro
1118 488 1270 526 consule
1296 487 1404 539 regit.
1462 487 1506 525 In
1532 487 1679 525 Italiam

726 556 822 594 redit
841 568 875 593 a.
892 556 927 594 d.
951 555 1014 594 vii.
1035 555 1122 596 Kal.
1146 556 1376 595 Decembres
1423 584 1435 597 .
1547 585 1556 595 .
1667 583 1678 596 .
1750 562 1937 606 703-704

483 623 533 675 58
674 624 818 664 Bellum
843 624 963 663 civile.
1020 624 1156 663 Cicero
1182 632 1268 674 post
1292 625 1448 676 longam
1476 625 1683 664 dubitatio·

724 704 812 731 nem
832 692 878 729 ad
902 692 1126 741 Pompeium
1147 691 1394 742 proficiscitur
1425 722 1436 733 .
1547 720 1559 732 .
1667 721 1679 733 .
1804 701 1881 744 705

485 769 535 813 59
673 761 765 799 Post
802 772 969 812 pugnam
1007 761 1262 799 Pharsalicam
1301 761 1340 798 in
1387 761 1536 799 Italiam
1581 760 1687 800 redit.

726 829 835 867 Mors
854 829 1026 877 Pompeii
1048 857 1060 869 .
1171 857 1182 869 .
1296 857 1308 869 .
1418 857 1429 868 .
1538 854 1549 865 .
1662 855 1674 869 .
1802 825 1880 878 706

485 896 538 937 60
674 898 814 937 Caesar
833 910 920 936 cum
941 897 1126 937 Cicerone
1145 898 1242 936 redit
1262 899 1309 936 in*
1320 898 1483 951 gratiam
1545 926 1556 937 .
1665 924 1677 937 .
1802 903 1880 949 707

486 964 534 1005 61
592 1006 594 1008 ,
676 966 822 1005 Bellum
860 966 1096 1004 Africanum.
1165 966 1273 1005 Mors
1310 966 1483 1005 catonis.
1544 965 1679 1005 Cicero

727 1033 922 1084 repudiata
941 1033 1121 1073 Terentia
1141 1034 1342 1072 Publiliam
1363 1034 1467 1073 ducit
1486 1046 1646 1074 uxorem
1667 1063 1678 1074 .
1804 1032 1880 1084 708

484 1101 534 1142 62
676 1102 784 1141 Mors
802 1102 963 1142 Tulliae.
1019 1103 1155 1142 Caesar
1175 1103 1212 1140 in
1233 1103 1414 1152 Hispania
1433 1110 1566 1142 contra
1584 1102 1681 1142 filios

726 1171 899 1220 Pompeii
919 1179 1063 1222 pugnat
1180 1200 1190 1210 .
1302 1199 1312 1210 .
1423 1200 1434 1213 .
1545 1201 1555 1211 .
1666 1201 1677 1212 .
1802 1178 1880 1223 709

485 1237 537 1289 63
675 1238 722 1278 C.
742 1238 881 1277 Caesar
899 1238 1025 1276 Idibus
1051 1238 1202 1277 Martiis
1228 1239 1423 1278 occiditur.
1479 1239 1614 1278 Cicero
1635 1246 1679 1278 ut

728 1306 846 1345 iturus
884 1307 922 1345 in
960 1308 1160 1345 Graeciam
1191 1309 1383 1356 profectus
1414 1308 1583 1346 Romam
1620 1320 1678 1346 re·

729 1377 900 1415 vertitur.
957 1375 1159 1414 Orationes
1187 1383 1367 1425 quattuor
1396 1375 1513 1414 habet
1546 1377 1584 1413 in
1619 1375 1678 1416 M.

732 1445 958 1489 Antonium,
973 1455 1069 1493 quae
1089 1442 1318 1493 Philippicae
1338 1444 1546 1494 appellatae
1564 1451 1650 1482 sunt
1663 1472 1673 1484 .
1802 1451 1899 1495 710-

486 1511 538 1562 64
679 1512 815 1551 Cicero
853 1512 942 1550 alias
980 1513 1169 1550 orationes
1207 1513 1338 1550 decem
1375 1511 1602 1562 Philippicas
1638 1512 1676 1551 in

730 1581 793 1621 M.
821 1582 1036 1619 Antonium
1070 1580 1197 1619 habet.
1267 1581 1414 1619 Bellum
1447 1581 1678 1622 Mutinense.

732 1649 868 1688 Cicero
888 1649 954 1689 vii.
975 1648 1031 1687 Id.
1051 1648 1284 1687 Decembres
1306 1648 1492 1687 occiditur
1543 1675 1554 1688 .
1667 1675 1678 1686 .
1788 1649 1877 1699 711
