2040 3048
148 108 214 158 sp.
245 95 330 166 11.]
520 107 705 150 EPIST.
744 106 824 144 AD
860 105 1135 145 ATTJOUM
1172 108 1236 149 11.
1288 99 1367 149 18.
1653 110 1719 162 29

143 252 235 298 ego
277 252 340 285 ne
381 237 497 285 illud
540 236 735 300 quidem
778 243 1104 294 contemnam,
1148 235 1281 300 quod
1323 244 1591 283 extremum
1635 245 1719 282 est.

143 319 218 366 Te
250 319 301 367 in
333 319 551 381 Arpinati
583 319 849 367 videbimus
883 327 929 366 et
961 318 1172 380 hospitio
1205 318 1379 381 agresti
1412 318 1720 380 accipiemus,

142 401 372 456 quoniam
396 402 705 449 maritumum
728 401 824 449 hoc
850 400 1194 463 contempsisti.

507 544 583 589 11.
658 540 754 588 AD
793 540 1117 588 ATTICUM
1155 541 1221 588 Π.
1265 543 1339 591 18.

417 634 530 683 ScR.
572 635 758 684 ROMAE
782 651 938 684 MENSE
962 636 1105 685 IUNlo
1143 652 1284 686 A.U.c.
1323 639 1435 698 695.

667 741 837 774 CICERO
875 741 1052 774 ATT1co
1089 741 1190 774 SAL.

214 834 254 867 1.
295 819 474 869 Accssm
521 821 702 883 aliquot
743 820 971 883 epistolas
1013 829 1133 880 tuas,
1178 837 1237 869 ex
1280 820 1452 884 quibus
1493 820 1719 878 intellexi,

141 916 287 964 quam
321 916 559 965 suspenso
592 903 757 951 animo
783 912 830 950 et
854 903 1057 951 sollicito
1090 904 1209 952 scire
1242 919 1420 961 averes,
1448 904 1563 965 quid
1595 911 1722 952 esset

141 984 278 1032 novi:
315 990 535 1032 tenemur
558 986 787 1048 undique,
814 1000 973 1048 neque
1005 986 1102 1033 iam
1135 1001 1232 1048 quo
1266 986 1427 1033 minus
1462 986 1722 1034 serviamus

141 1082 433 1126 recusamus,
468 1067 553 1115 sed
586 1075 794 1115 mortem
819 1075 865 1114 et
889 1068 1177 1117 eiectionem
1211 1068 1348 1131 quasi
1371 1068 1557 1116 maiora
1587 1068 1722 1116 time-

142 1163 265 1207 mus,
300 1163 423 1211 quae
460 1148 612 1197 multo
645 1156 756 1197 sunt
787 1148 1008 1208 minora;
1057 1158 1200 1213 atque
1235 1149 1314 1197 hic
1347 1155 1413 1197 est
1444 1158 1610 1209 status,
1643 1151 1725 1213 qui

143 1246 241 1278 una
263 1245 383 1278 voce
407 1231 626 1278 omnium
659 1230 866 1293 gemitur
900 1246 1058 1294 neque
1083 1233 1230 1279 verbo
1257 1232 1543 1294 cuiusquam
1568 1233 1724 1282 suble-

142 1320 306 1360 vatur:
362 1315 524 1359 σκοπὸς
559 1321 645 1370 est,
683 1319 736 1359 ut
783 1312 1016 1374 suspicor,
1054 1313 1159 1371 illis,
1198 1313 1281 1375 qui
1328 1321 1506 1372 tenent,
1544 1314 1725 1362 nullam

145 1396 369 1459 cuiquam
394 1395 698 1457 largitionem
729 1394 1013 1458 relinquere.
1086 1395 1227 1444 Unus
1260 1396 1470 1458 loquitur
1493 1405 1541 1445 et
1564 1397 1726 1460 palam

145 1478 421 1525 adversatur
485 1477 768 1525 adulescens
834 1475 1008 1524 Curio:
1080 1478 1190 1526 huic
1256 1478 1453 1541 plausus
1511 1480 1724 1538 maximi,

146 1559 464 1607 consalutatio
498 1558 704 1606 forensis
736 1558 1105 1620 perhonorifica,
1132 1561 1272 1623 signa
1300 1569 1548 1623 praeterea
1579 1563 1725 1610 bene-

147 1641 380 1689 volentiae
413 1642 651 1703 permulta
683 1655 711 1688 a
743 1641 885 1689 bonis
918 1643 1279 1705 impertiuntur3
1322 1642 1514 1691 Fufium
1547 1645 1726 1693 clamo-

145 1724 276 1771 ribus
313 1731 361 1771 et
396 1724 615 1771 convitiis
652 1731 699 1770 et
737 1722 884 1771 sibilis
922 1734 1276 1774 consectantur.
1348 1725 1443 1774 His
1483 1742 1543 1774 ex
1585 1728 1728 1775 rebus

147 1820 246 1852 non
299 1820 426 1867 spes,
475 1806 561 1853 sed
610 1804 747 1852 dolor
802 1813 874 1852 est
928 1807 1096 1865 maior,
1155 1822 1267 1855 cum
1314 1807 1476 1856 videas
1532 1809 1730 1856 civitatis

148 1885 442 1934 voluntatem
480 1887 701 1943 solutam,
741 1886 961 1934 virtutem
998 1889 1254 1950 alligatam.
1332 1904 1372 1936 2.
1399 1891 1474 1938 Ac
1510 1906 1572 1938 ne
1608 1891 1729 1939 forte

149 1982 349 2030 quaeras
373 1970 476 2013 κατὰ
498 1971 657 2014 λεπτὸν
689 1970 748 2019 de
782 1970 981 2031 singulis
1014 1972 1171 2030 rebus,
1204 1970 1427 2020 universa
1457 1988 1533 2021 res
1566 1988 1626 2021 eo
1660 1982 1732 2021 est

150 2050 371 2108 deducta,
403 2065 514 2112 spes
547 2058 599 2098 ut
631 2052 762 2100 nulla
794 2052 853 2099 sit
887 2052 1148 2115 aliquando
1182 2070 1283 2103 non
1320 2055 1471 2102 modo
1505 2055 1729 2117 privatos,

149 2147 314 2180 verum
355 2132 500 2179 etiam
547 2133 854 2196 magistratus
900 2133 1077 2183 liberos
1123 2136 1238 2185 fore.
1313 2137 1425 2185 Hac
1471 2145 1635 2185 tamen
1683 2137 1731 2184 in

150 2214 468 2277 oppressione
501 2229 661 2263 sermo
686 2216 736 2263 in
760 2216 946 2264 circulis
981 2218 1230 2267 dumtaxat
1254 2228 1302 2268 et
1324 2220 1375 2266 in
1400 2219 1628 2268 conviviis
1661 2228 1733 2267 est

151 2296 356 2355 liberior,
382 2312 529 2359 quam
554 2297 643 2346 fuit
657 2314 670 2358 ;
706 2299 897 2347 vincere
923 2299 1088 2363 incipit
1113 2302 1336 2350 timorem
1361 2302 1514 2360 dolor,
1541 2303 1628 2350 sed
1652 2302 1730 2360 ita,

153 2387 206 2427 ut
251 2379 418 2427 omnia
466 2379 559 2428 sint
599 2380 879 2443 plenissima
934 2382 1295 2445 desperationis.
1369 2384 1535 2433 Habet
1589 2385 1732 2432 etiam

153 2459 408 2523 Campana
438 2461 516 2509 lex
549 2463 930 2511 exsecrationem
955 2465 1004 2511 in
1029 2466 1256 2514 contione
1287 2466 1667 2526 candidatorum,
1694 2468 1733 2514 si

156 2543 451 2591 mentionem
485 2544 698 2603 fecerint,
731 2560 828 2607 qua
861 2546 992 2593 aliter
1026 2562 1139 2610 ager
1172 2549 1473 2611 possideatur
1506 2558 1649 2612 atque
1683 2559 1735 2598 ut

155 2639 215 2671 ex
248 2624 432 2687 legibus
464 2626 623 2674 Iuliis:
668 2642 770 2675 non
803 2627 1020 2676 dubitant
1053 2630 1207 2677 iurare
1243 2631 1415 2690 ceteri3
1459 2630 1735 2680 Laterensis

157 2706 449 2754 existimatur
504 2707 629 2755 laute
687 2708 871 2766 fecisse,
923 2711 1055 2772 quod
1111 2712 1405 2760 tribunatum
1453 2713 1513 2774 pl.
1574 2722 1735 2775 petere

158 2787 348 2846 destitit,
373 2803 434 2835 ne
459 2789 649 2839 iuraret.
722 2806 764 2852 3.
807 2791 903 2838 Sed
929 2793 988 2840 de
1021 2808 1070 2840 re
1106 2794 1299 2855 publica
1331 2809 1432 2842 non
1464 2795 1578 2844 libet
1602 2796 1738 2858 plura.
