2040 3048
128 109 200 159 Ep.
234 97 324 167 ια]
451 107 638 147 EPIST.
679 107 761 146 AD
798 106 1073 146 ATTJCUM
1106 108 1195 145 ιιι.
1242 111 1320 162 15.
1633 109 1702 163 45

127 240 297 299 scribo,
325 246 493 302 quote
523 252 622 286 non
647 252 760 288 meo
794 252 908 288 casu
943 237 1158 286 maximo
1197 235 1364 284 dolore
1401 251 1506 285 esse
1542 236 1701 284 adsec-

127 330 224 371 tum
252 324 415 379 sciam,
442 320 527 370 sed
553 319 787 384 profecto,
815 321 868 379 si,
894 327 1130 383 quantum
1161 334 1240 367 me
1277 334 1411 367 amas
1448 327 1494 367 et
1518 321 1702 377 amasti,

126 413 310 453 tanturn
358 418 518 453 amare
568 403 771 452 deberes
818 418 874 451 ac
927 402 1194 461 debuisses,
1244 418 1513 464 numquam
1571 417 1702 450 esses

124 502 295 549 passus
327 502 423 544 me,
449 500 547 549 quo
582 492 635 533 tu
671 485 970 543 abundabas,
1008 500 1150 547 egere
1188 484 1406 544 consilio,
1445 500 1535 532 nec
1571 499 1702 532 esses

123 586 292 632 passus
317 569 432 617 mihi
461 567 740 631 persuaderi
764 567 876 615 utile
902 567 1043 615 nobis
1069 583 1174 615 esse
1208 567 1367 628 legem
1404 567 1464 615 de
1490 567 1702 628 collegiis

122 652 326 715 perferri.
403 650 500 698 Sed
525 659 575 698 tu
601 658 788 698 tantum
824 650 1045 698 lacrimas
1082 650 1346 713 praebuisti
1384 649 1538 696 dolori
1576 663 1703 706 meo,

122 734 254 796 quod
289 741 388 782 erat
424 733 617 790 amoris,
644 741 895 794 tamquam
929 732 1034 794 ipse
1060 746 1181 794 ego;
1220 731 1353 795 quod
1378 731 1559 779 meritis
1583 731 1703 778 meis

121 816 386 880 perfectum
411 815 638 877 oportuit,
659 822 711 861 ut
737 814 839 862 dies
865 821 912 862 et
936 821 1120 872 nocteS,
1141 814 1258 877 quid
1282 813 1401 862 mihi
1426 813 1702 861 faciendum

122 906 260 957 esset,
286 898 540 960 cogitares,
566 897 616 944 id
646 898 734 945 abs
771 904 817 945 te
853 911 981 954 me0‚
1018 911 1121 944 non
1157 904 1241 944 tuo
1280 896 1457 944 scelere
1494 904 1702 958 praeter-

122 982 325 1030 missum
351 988 436 1028 est.
495 979 646 1039 Quod
671 980 711 1027 si
737 993 840 1026 non
865 978 1017 1026 modo
1043 986 1109 1036 tu,
1130 978 1216 1027 sed
1242 979 1497 1041 quisquam
1524 978 1702 1035 fuisset,

123 1064 204 1126 qui
228 1078 307 1110 me
327 1061 546 1124 Pompeii
570 1061 732 1111 minus
757 1060 938 1109 liberali
963 1076 1204 1123 responso
1229 1061 1531 1124 perterritum
1557 1076 1585 1109 a
1608 1068 1703 1108 tur-

123 1146 324 1209 pissimo
358 1144 558 1193 consilio
591 1151 853 1201 revocaret,
888 1143 1023 1206 quod
1060 1159 1185 1191 unus
1218 1150 1270 1191 tu
1302 1143 1459 1191 facere
1495 1143 1704 1191 maxime

124 1225 334 1289 potuisti,
360 1234 440 1276 aut
470 1224 811 1274 occubuissem
836 1224 1041 1272 honeste
1076 1232 1157 1273 aut
1181 1224 1385 1273 victores
1410 1224 1556 1272 hodie
1580 1224 1703 1272 vive-

123 1323 296 1358 remus.
371 1306 468 1356 Hic
491 1306 610 1355 mihi
635 1307 891 1369 ignosces:
928 1322 1009 1356 me
1033 1307 1163 1355 enim
1187 1307 1348 1370 ipsum
1373 1307 1526 1355 multo
1551 1308 1705 1370 magis

124 1405 318 1448 accuSO,
339 1389 513 1438 deinde
538 1397 583 1437 te
610 1389 748 1452 quasi
773 1404 853 1438 me
879 1389 1104 1449 alterum;
1132 1398 1178 1438 et
1204 1389 1346 1437 simul
1370 1405 1509 1438 meae
1536 1390 1704 1453 culpae

126 1473 311 1523 socium
336 1487 532 1534 quaem,
559 1487 615 1520 ac
643 1472 682 1520 si
707 1473 945 1531 restituor,
973 1473 1118 1519 etiam
1143 1473 1306 1520 minus
1333 1472 1599 1520 videbimur
1623 1473 1703 1520 de-

124 1556 333 1618 liquisse,
359 1556 447 1603 abs
473 1562 615 1617 teque
641 1564 784 1613 certe,
811 1555 1045 1618 quoniam
1078 1556 1212 1604 nullo
1238 1566 1420 1614 nostro,
1446 1563 1532 1604 tuo
1557 1556 1705 1618 ipsius

125 1638 362 1688 beneficio
389 1637 655 1700 diligemur.
731 1649 775 1698 5.
802 1637 954 1697 Quod
978 1646 1024 1686 te
1052 1654 1163 1687 eum
1191 1637 1426 1687 Culleone
1453 1639 1621 1687 scribis
1645 1639 1705 1687 de

125 1721 375 1784 privilegio
401 1721 633 1779 locutum,
659 1729 732 1768 est
757 1720 953 1782 aliquid,
982 1721 1069 1769 sed
1093 1721 1246 1769 multo
1271 1729 1345 1769 est
1369 1722 1540 1769 melius
1566 1722 1706 1770 abro-

126 1803 256 1866 gari:
294 1803 333 1851 si
370 1803 500 1851 enim
534 1818 682 1851 nemo
721 1804 967 1866 impediet,
994 1804 1111 1866 quid
1148 1812 1221 1852 est
1252 1804 1469 1853 firmius?
1507 1804 1581 1852 sin
1606 1805 1705 1864 erit,

127 1886 208 1949 qui
254 1885 363 1934 ferri
411 1898 513 1932 non
563 1885 703 1943 sinat,
751 1885 882 1932 idem
919 1894 1116 1934 senatus
1159 1886 1382 1934 consulto
1430 1887 1706 1936 intercedet.

128 1967 234 2016 Nec
271 1967 534 2029 quicquam
570 1967 698 2015 aliud
734 1982 860 2029 opus
897 1977 969 2015 est
1005 1969 1264 2030 abrogari:
1314 1984 1429 2015 nam
1465 1970 1596 2031 prior
1630 1970 1705 2018 lex

127 2065 218 2098 nos
253 2049 371 2100 nihil
402 2049 652 2106 laedebat3
689 2064 843 2111 quarn.
874 2050 927 2106 si,
961 2058 1014 2097 ut
1049 2059 1120 2097 est
1156 2050 1476 2113 promulgata,
1497 2051 1707 2099 ,laudare

127 2131 444 2179 voluissemus
481 2138 577 2189 aut,
614 2138 667 2179 ut
714 2139 815 2180 erat
862 2131 1183 2194 neglegenda,
1220 2132 1493 2194 neglegere,
1531 2146 1706 2181 nocere

127 2212 330 2262 omnino
366 2212 507 2260 nobis
544 2227 644 2260 non
681 2213 928 2275 potuisset.
1004 2213 1102 2262 Hic
1137 2214 1254 2265 mihi
1291 2216 1509 2278 primum.
1544 2230 1706 2262 meum

128 2294 380 2345 consilium
406 2293 570 2352 defuit,
599 2294 684 2343 sed
710 2295 855 2343 etiam
888 2295 1054 2343 obfuit.
1130 2295 1291 2354 Caeci,
1319 2297 1465 2355 caeci,
1491 2297 1706 2359 inquam,

128 2375 305 2428 fuimus
330 2376 380 2424 in
404 2377 575 2424 vestitu
600 2377 851 2435 mutandO,
878 2378 927 2426 in
961 2377 1145 2440 populo
1169 2378 1406 2441 rogando,
1435 2379 1583 2440 quod,
1617 2378 1707 2426 nisi

133 2459 414 2508 nominatim
455 2474 653 2508 mecum
689 2460 767 2521 agi
806 2469 1036 2522 coeptum
1073 2469 1214 2518 esset,
1242 2461 1345 2508 fieri
1380 2461 1707 2523 perniciosum

130 2540 230 2588 fuit.
302 2540 398 2589 Sed
433 2555 586 2603 pergo
622 2543 904 2605 praeterita;
941 2558 1108 2592 verum
1132 2551 1296 2591 tamen
1333 2545 1399 2591 ob
1431 2544 1558 2593 hanc
1594 2559 1706 2592 cau-

131 2638 248 2681 sam,
284 2631 349 2681 ut,
390 2623 428 2670 si
468 2623 584 2687 quid
626 2633 809 2686 agetur,
851 2625 1009 2687 legem
1049 2626 1193 2684 illam,
1232 2626 1281 2673 in
1319 2641 1415 2689 qua
1456 2625 1707 2689 popularia

131 2705 278 2754 inulta
302 2713 427 2768 sunt,
455 2720 516 2754 ne
540 2707 764 2769 tangatis.
836 2710 879 2755 6.
920 2707 1106 2755 Verum
1131 2717 1203 2757 est
1236 2709 1432 2757 stultum
1468 2725 1548 2757 me
1573 2725 1707 2772 prae-

134 2785 304 2848 cipere,
331 2787 447 2849 quid
471 2788 626 2850 agatis
663 2797 744 2837 aut
769 2804 867 2853 quo
906 2790 1081 2838 modo:
1130 2791 1314 2839 utinam
1351 2792 1502 2840 modo
1540 2801 1708 2854 agatur
