2040 3048
102 114 168 165 sp.
190 99 277 172 ια]
476 107 659 152 EPIST.
698 108 779 147 AD
816 108 1086 149 ATTICUM
1124 109 1205 150 JV.
1253 114 1295 154 1.
1605 110 1675 168 55

100 239 518 304 rissent,·impulsu
544 236 700 288 Clodii
733 234 842 287 mea
875 253 1025 302 opera
1059 238 1283 287 frumenti
1317 237 1532 303 inopiam
1570 255 1676 289 esse

100 324 376 381 clamarent,
400 333 510 371 cum
541 336 628 385 per
652 336 737 369 eos
764 322 867 369 dies
893 330 1087 370 senatus
1116 323 1175 370 de
1201 323 1398 371 annona
1422 320 1679 371 haberetur

100 413 146 454 et
165 405 227 452 ad
246 406 347 452 eius
366 404 757 467 procurationem
779 417 1003 451 sermone
1023 419 1124 452 non
1145 402 1304 452 solum
1323 403 1492 466 plebis,
1511 419 1679 452 verum

100 486 240 534 etiam
277 487 520 534 bonorum
557 485 819 549 Pompeius
854 492 1107 533 vocaretur
1142 486 1291 549 idque
1323 486 1428 548 ipse
1467 493 1680 549 cuperet,

99 567 449 631 multitudoque
482 584 511 616 a
543 582 623 615 me
656 567 960 626 nominatim,
987 575 1039 615 ut
1073 566 1121 615 id
1158 567 1487 627 decernerem,
1514 577 1680 631 postu-

99 651 229 710 laret,
267 650 358 699 feci
398 658 446 698 et
486 658 709 697 accurate
752 649 1043 697 sententiam
1092 649 1205 697 dixi.
1279 647 1407 698 Cum
1456 651 1684 699 abessent

101 733 391 792 consulareS,
447 733 580 795 quod
634 739 738 779 tuto
796 746 848 779 se
907 740 1139 794 negarent
1191 747 1337 795 posse
1397 734 1682 781 sententiam

101 816 272 873 dicere,
332 821 520 878 praeter
584 812 864 861 Messallam
930 821 978 862 et
1037 814 1312 873 Afranium,
1372 814 1553 863 factum
1612 822 1683 863 est

101 906 295 946 senatus
342 895 616 944 consultum
658 895 708 942 in
749 910 908 944 meam
952 897 1255 956 sententiam,
1290 905 1343 946 ut
1385 913 1497 946 cum
1539 897 1684 944 Pom-

101 982 212 1045 peio
255 987 475 1043 ageretur
519 986 571 1026 ut
618 993 727 1026 eam
774 993 877 1025 rem
925 979 1188 1043 susciperet
1234 980 1409 1043 lexque
1457 980 1683 1039 ferretur;

103 1077 200 1125 quo
241 1069 435 1110 senatus
472 1056 696 1109 consulto
737 1060 938 1109 recitato
983 1062 1216 1110 continuo
1261 1078 1374 1111 cum
1413 1077 1549 1110 more
1587 1061 1682 1110 hoc

103 1143 284 1191 insulso
309 1150 355 1191 et
379 1158 507 1191 novo
531 1142 755 1205 plausum
782 1157 895 1190 meo
921 1144 1120 1192 nomine
1145 1143 1394 1192 recitando
1422 1144 1682 1201 dedissent,

103 1225 247 1274 habui
279 1225 589 1283 contionem3
628 1239 801 1283 omnes
835 1226 1146 1287 magistratus
1180 1233 1460 1289 praesentes
1498 1233 1687 1289 praeter

104 1322 255 1356 unum
280 1314 553 1370 praetorem
578 1313 626 1354 et
651 1305 774 1354 duos
800 1307 1022 1356 tribunos
1046 1308 1108 1371 pl.
1138 1308 1388 1357 dederunt.
1464 1320 1507 1370 7.
1547 1307 1686 1355 Post-

105 1390 221 1438 ridie
257 1396 451 1437 senatus
488 1388 714 1450 frequens
732 1405 744 1448 ;
785 1397 832 1437 et
863 1404 1038 1438 omnes
1072 1391 1350 1438 consulares
1385 1390 1508 1438 nihil·
1540 1390 1686 1437 Pom-

105 1472 215 1536 peio
261 1470 524 1534 postulanti
571 1478 838 1532 negarunt;
887 1471 964 1518 ille
1011 1471 1200 1535 legatos
1250 1472 1530 1535 quindecim
1574 1486 1686 1520 cum

106 1553 382 1618 postularet,
431 1568 510 1600 me
557 1553 827 1615 principem
877 1554 1144 1603 nominavit
1192 1562 1241 1602 et
1287 1556 1354 1602 ad
1396 1556 1579 1603 omnia·
1610 1569 1688 1602 me

106 1636 304 1684 alterum
342 1650 393 1683 se
429 1634 531 1682 fore
555 1634 699 1683 dixit.
775 1634 962 1698 Legem
1006 1637 1234 1686 consules
1277 1638 1688 1700 conscripserunt,

107 1734 202 1782 qua
233 1717 470 1780 Pompeio
503 1732 590 1780 per
623 1717 1008 1780 quinquennium
1042 1720 1202 1767 omnis
1235 1727 1451 1783 potestas
1487 1719 1556 1767 rei
1592 1719 1687 1766 fru-

105 1801 364 1848 mentariae
400 1807 504 1848 toto
542 1799 659 1847 orbe
696 1808 928 1848 terrarum
966 1799 1184 1861 daretur3
1223 1802 1422 1850 alteram
1460 1800 1688 1860 Messius,

107 1883 188 1946 qui
211 1883 371 1930 omnis
396 1883 630 1945 pecuniae
658 1881 739 1930 dat
763 1889 1054 1944 potestatem
1080 1891 1128 1932 et
1153 1883 1370 1947 adiungit
1404 1884 1610 1933 classem
1644 1888 1691 1932 'et

106 1965 366 2012 exercitum
382 1971 428 2012 et
446 1964 602 2012 maius
621 1964 877 2026 imperium
898 1965 948 2012 in
967 1966 1241 2028 provinciis,
1260 1982 1407 2030 quam
1427 1967 1488 2016 sit
1506 1982 1690 2027 eorum,

107 2048 188 2110 qui
213 2062 294 2095 eas
327 2046 602 2094 obtineant:
628 2045 706 2093 illa
730 2054 898 2094 nostra
921 2046 997 2095 lex
1023 2049 1288 2097 consularis
1314 2065 1445 2098 nunc
1469 2050 1692 2098 modesta

107 2128 301 2186 videtur,
326 2127 447 2176 haec
483 2126 654 2176 Messii
690 2143 791 2176 non
828 2128 1040 2179 ferenda.
1111 2130 1377 2195 Pompeius
1410 2132 1540 2179 illam
1572 2132 1692 2180 velle

110 2227 159 2260 se
195 2210 322 2269 dicit,
355 2209 611 2258 familiares
646 2209 787 2260 hane.
859 2210 1154 2262 Consulares
1192 2215 1316 2263 duce
1352 2213 1569 2263 Favonio
1603 2214 1691 2262 fre-

109 2300 272 2351 munt;
309 2306 401 2340 nos
433 2300 664 2350 tacemuS,
696 2300 745 2340 et
778 2307 837 2341 eo
874 2295 1045 2356 magiS,
1071 2295 1204 2358 quod
1241 2295 1302 2344 de
1339 2295 1491 2345 domo
1526 2306 1693 2344 nostra

110 2375 224 2423 nihil
270 2373 427 2422 adhuc
474 2374 730 2437 pontifices
778 2376 1164 2438 responderunt:
1215 2379 1296 2440 qui
1339 2379 1377 2427 si
1420 2379 1693 2428 sustulerint

111 2456 403 2519 religionem,
453 2471 614 2504 aream
664 2458 959 2519 praeclaram
1011 2458 1326 2521 habebimus3
1388 2462 1692 2525 superficiem

113 2538 332 2588 consules
387 2553 446 2586 ex
499 2546 692 2586 senatus
741 2540 964 2588 consulto
1013 2542 1361 2592 aestimabunt:
1423 2545 1497 2592 sin
1545 2544 1691 2603 aliter,

113 2619 444 2678 demolientur,
483 2634 570 2668 suo
612 2622 810 2669 nomine
851 2622 1096 2683 locabunt,
1135 2639 1238 2672 rem
1276 2633 1429 2674 totam
1471 2627 1692 2676 aestima-

113 2703 246 2751 bunt.
317 2704 361 2749 8.
400 2700 474 2750 Ita
510 2710 620 2751 sunt
655 2719 732 2751 res
769 2712 977 2764 nostrae,
1002 2714 1055 2754 ut
1090 2707 1140 2753 in
1177 2707 1416 2766 secundis,
1441 2707 1614 2768 fluxae,
1640 2719 1691 2758 ut

115 2785 164 2832 in
198 2783 422 2841 adversis,
447 2785 621 2833 bonae.
693 2785 751 2833 In
787 2801 837 2835 re
874 2787 1093 2836 familiari
1129 2789 1265 2838 valde
1304 2804 1485 2851 sumus,
1510 2793 1561 2839 ut
1598 2793 1690 2840 scis
