2040 3048
131 138 318 204 Ep.61.]
496 146 679 188 EPIST.
720 146 803 185 AD
838 144 1113 186 ATTJoUM
1149 146 1228 184 [x.
1271 144 1316 200 7.
1604 146 1697 198 147

127 288 229 320 non
253 287 449 321 causam
472 269 544 337 [ut
568 272 617 319 in
643 271 843 328 Milone,
870 279 922 319 ut
945 272 994 319 in
1032 308 1043 320 .
1082 309 1091 320 .
1135 308 1144 318 .
1184 271 1271 319 sed
1299 271 1404 318 haec
1426 264 1701 335 hactenus}

129 369 172 412 4.
212 360 223 379 ‘
245 354 406 402 Causa
429 354 570 416 igitur
595 368 696 401 non
722 354 853 400 bona
877 353 1001 401 est?'
1061 352 1223 401 Immo
1248 353 1448 416 optima,
1470 351 1556 400 sed
1587 366 1700 415 age-

126 446 213 493 tur,
250 443 511 494 memento,
549 434 859 483 foedissime:
898 435 1107 496 primum
1145 435 1401 483 consilium
1440 442 1510 482 est
1554 433 1704 482 suffo-

126 532 234 566 care
257 518 426 566 urbem
457 525 503 565 et
538 517 725 564 Italiam
760 519 904 574 fame,
936 517 1110 565 deinde
1144 532 1289 578 agros
1323 524 1523 574 vastare,
1549 531 1701 573 urere,

125 599 343 661 pecuniis
381 599 692 662 locupletium
716 614 805 645 non
829 599 1100 658 abstinere;
1139 599 1224 647 sed
1259 614 1370 647 cum
1404 598 1576 647 eadem
1601 613 1705 645 rne-

124 688 256 729 tuam
295 682 357 729 ab
398 681 488 729 hae
513 689 659 743 parte,
704 681 745 729 si
791 680 907 728 illim
953 682 1245 729 beneficium
1281 695 1383 728 non
1421 682 1492 738 sit,
1530 681 1705 728 rectius

125 771 290 825 putem
322 763 510 825 quidvis
540 763 672 811 domi
708 763 904 826 perpeti.
981 763 1076 811 Sed
1112 763 1178 810 ita
1214 763 1447 810 meruisse
1484 762 1617 810 illum
1644 763 1705 810 de

124 860 201 892 me
225 853 357 907 put0,
382 854 434 893 ut
459 844 710 906 ἀχαριστίας
733 845 915 893 crimen
949 845 1110 893 subire
1134 859 1238 892 non
1263 844 1497 892 audeam:
1535 860 1706 907 quam-

125 942 271 990 quam
309 943 337 975 a
372 935 418 974 te
455 928 558 976 eius
594 942 790 991 quoque
826 928 894 975 rei
928 927 1054 975 iusta
1091 926 1311 975 defensio
1345 935 1417 974 est
1451 926 1703 988 explicata.

127 1020 170 1070 5.
206 1009 283 1056 De
307 1008 550 1072 triumpho
575 1009 660 1057 tibi
685 1010 943 1067 adsentior,
988 1024 1135 1072 quem
1160 1008 1358 1070 quidem
1382 1016 1539 1056 totum
1566 1008 1705 1056 facile

125 1098 172 1139 et
204 1091 405 1139 libenter
441 1092 691 1140 abiecero:
729 1091 924 1154 egregie
960 1091 1118 1153 probo
1155 1090 1259 1138 fore
1295 1099 1360 1148 ut,
1401 1090 1519 1137 dum
1557 1106 1703 1153 vaga-

124 1188 245 1231 mur,
271 1177 294 1218 ὁ
316 1174 452 1221 πλόος
483 1176 635 1234 ὡραῖος
658 1175 872 1236 obrepat.
947 1177 959 1198 ‘
979 1174 1029 1221 Si
1065 1173 1214 1222 modo
1230 1172 1241 1191 '
1268 1173 1428 1235 inquis
1453 1177 1465 1198 ‘
1483 1173 1596 1221 satis
1629 1174 1704 1221 ille

124 1255 211 1302 erit
235 1253 431 1301 firmus?
500 1253 589 1303 Est
614 1255 796 1302 firmior
822 1256 965 1304 etiam
991 1269 1137 1317 quam
1163 1255 1456 1316 putabamus
1474 1270 1494 1312 ;,
1526 1255 1585 1302 de
1610 1255 1704 1302 isto

123 1335 233 1383 licet
263 1335 387 1382 bene
414 1350 604 1398 speres:
642 1337 872 1398 promitto
906 1336 1005 1392 tibi,
1033 1336 1071 1382 si
1108 1335 1295 1393 valebit,
1323 1335 1535 1397 tegulam
1569 1335 1702 1382 illum

124 1417 173 1464 in
197 1416 335 1464 Italia
357 1416 537 1464 nullam
557 1416 845 1464 relicturum.
918 1421 929 1440 ‘
947 1416 1088 1463 Tene
1114 1416 1256 1478 igitur
1280 1416 1418 1464 socio
1436 1415 1476 1464 ?'
1521 1415 1707 1464 Contra

123 1497 394 1545 mehercule
418 1512 581 1544 meum
620 1498 849 1546 iudicium
875 1506 921 1546 et
945 1506 1116 1546 contra
1140 1498 1358 1552 omnium
1394 1498 1705 1562 antiquorum

123 1578 468 1636 auctoritatem,
494 1594 585 1627 nec
610 1587 710 1627 tam
734 1588 786 1627 ut
811 1580 890 1628 illa
914 1580 1136 1628 adiuvem
1162 1594 1312 1642 quam
1335 1587 1388 1627 ut
1412 1578 1531 1627 haec
1553 1594 1614 1627 ne
1639 1579 1705 1626 vi-

124 1660 265 1708 deam
284 1660 429 1722 cupio
447 1660 696 1709 discedere
713 1676 727 1720 ;
769 1661 869 1709 noli
893 1661 1024 1709 enim
1048 1669 1218 1723 putare
1242 1660 1512 1710 tolerabiles
1531 1660 1704 1708 horum

123 1743 334 1790 insanias
367 1756 457 1788 nec
491 1741 635 1789 unius
670 1743 805 1790 modi
838 1742 973 1790 fore:
1011 1743 1098 1790 etsi
1129 1742 1245 1804 quid
1279 1750 1325 1789 te
1361 1741 1535 1790 horum
1570 1742 1703 1804 fugit,

126 1824 330 1886 legibus,
355 1822 555 1880 iudiciis,
581 1831 752 1871 senatu
779 1824 984 1882 sublato,
1010 1823 1249 1883 libidines,
1277 1823 1515 1882 audacias,
1541 1839 1705 1886 sump-

126 1914 216 1964 tus,
242 1912 483 1967 egestates
519 1912 591 1952 tot
627 1906 1047 1967 egentissimorum
1078 1905 1333 1954 hominum
1370 1921 1462 1953 nec
1497 1906 1705 1968 privatas

125 2002 270 2050 posse
303 2001 380 2034 res
405 2001 496 2034 nee
530 2001 632 2034 rem
668 1987 914 2048 publicam
944 1988 1216 2035 sustinere?
1276 1987 1527 2035 Abeamus
1563 1988 1707 2049 igitur

126 2069 236 2116 inde
261 2068 473 2130 qualibet
497 2069 817 2132 navigatione,
841 2069 929 2117 etsi
955 2069 1002 2117 id
1027 2070 1242 2131 quidem,
1267 2077 1319 2116 ut
1343 2069 1430 2116 tibi
1454 2069 1704 2127 videbitur,

125 2150 211 2198 sed
249 2140 375 2197 certe
418 2150 684 2209 abeamus;
741 2151 948 2200 sciemus
987 2151 1132 2209 enim,
1172 2151 1221 2199 id
1262 2152 1396 2213 quod
1436 2159 1704 2213 exspectaS,

125 2230 240 2294 quid
264 2230 506 2278 Brundisii
531 2239 691 2279 actum
717 2232 789 2280 sit.
863 2234 908 2279 6.
948 2231 1100 2280 Bonis
1117 2232 1393 2295 virisquod
1418 2233 1487 2280 ais
1512 2232 1705 2295 probari

126 2327 250 2375 quae
275 2311 432 2359 adhuc
469 2312 738 2378 fecerimus,
765 2314 969 2376 scirique
998 2315 1069 2375 vab
1100 2314 1158 2362 iis
1193 2330 1273 2362 nos
1308 2329 1410 2362 non
1443 2313 1704 2376 profectos,

127 2392 264 2440 valde
310 2392 518 2453 gaude0,
568 2393 606 2440 si
649 2402 728 2442 est.
770 2409 902 2442 nunc
943 2395 1067 2458 ullus
1115 2395 1361 2456 gaudendi
1404 2395 1557 2442 locus.
1628 2394 1705 2442 De

128 2473 336 2520 Lentulo
380 2462 679 2537 investigabo
700 2476 1033 2541 diligentius:
1069 2476 1119 2524 id
1154 2476 1379 2534 mandavi
1428 2475 1704 2534 Philotimo,

129 2553 314 2602 homini
350 2553 459 2601 forti
500 2569 556 2602 ac
598 2556 799 2605 nimium
837 2557 1066 2623 optimati.
1142 2567 1186 2617 7.
1223 2556 1508 2605 Extremum
1544 2565 1628 2615 est,
1654 2566 1707 2606 ut

130 2636 215 2683 tibi
240 2642 574 2696 argumentum
609 2637 670 2685 ad
708 2638 1016 2707 scribendum
1053 2637 1256 2686 fortasse
1292 2638 1388 2685 iam
1424 2637 1706 2688 desit—nec

133 2717 262 2764 enim
300 2715 391 2762 alia
426 2715 486 2763 de
522 2731 572 2764 re
609 2733 738 2766 nunc
773 2702 870 2768 ulla
905 2720 1044 2768 scribi
1081 2727 1269 2782 potest;
1307 2727 1354 2767 et
1379 2719 1438 2768 de
1474 2719 1565 2769 hac
1590 2721 1705 2783 quid

133 2798 229 2843 iam
264 2796 470 2858 amplius
506 2788 704 2847 inveniri
742 2785 900 2862 potest
916 2801 1092 2848 ?—sed
1118 2800 1348 2863 quoniam
1373 2809 1419 2848 et
1455 2802 1703 2863 ingenium

876 2895 906 2929 ι
936 2895 960 2927 2
