2040 3048
274 74 340 138 76
719 82 782 123 M.
827 82 1023 122 TULLII
1059 84 1230 123 mom
1237 85 1374 125 oms
1653 72 1765 147 [Pars
1790 88 1842 128 11.

273 207 501 269 dignitate
536 215 617 255 aut
653 208 842 256 occulta
873 223 974 256 non
1007 208 1247 256 nullorum
1280 209 1393 257 odia
1430 217 1512 258 aut
1550 211 1754 259 obscura
1793 212 1841 259 in

270 304 348 337 me
374 290 530 337 studia
554 291 839 349 cernebam3
878 305 992 337 nam
1017 305 1174 352 neque
1200 291 1260 338 de
1284 293 1611 340 monumentis
1636 293 1755 341 meis
1780 294 1842 341 ab

271 370 326 418 iis
351 370 539 418 adiutus
563 386 630 430 es,
657 387 685 419 a
710 371 884 434 quibus
920 371 1138 430 debuisti,
1166 387 1325 435 neque
1359 373 1419 421 de
1452 374 1496 420 vi
1526 372 1722 432 nefaria,
1748 389 1844 437 qua

270 468 381 500 curn
418 452 559 501 fratre
596 468 727 501 eram
765 453 915 502 domo
953 453 1214 515 expulsus;
1267 470 1425 518 neque
1460 455 1653 503 hercule
1695 456 1745 503 in
1787 456 1844 504 iis

269 533 386 596 ipsis
438 534 595 593 rebus,
644 549 768 597 quae
816 550 1113 597 quamquam
1170 545 1304 584 erant
1354 537 1471 584 mihi
1525 546 1720 600 propter
1777 537 1843 585 rei

270 614 510 664 familiaris
534 615 784 678 naufragia
809 617 1121 676 necessariae,
1147 625 1312 666 tamen
1337 634 1365 666 a
1389 634 1467 667 me
1492 619 1679 666 minimi
1706 627 1842 682 puta-

268 698 456 756 bantur,
481 697 530 744 in
566 698 687 745 meis
723 697 912 746 damnis
945 714 1005 746 ex
1038 699 1317 747 auctoritate
1353 707 1548 749 senatus
1584 701 1842 749 sarciendis

270 792 378 826 eam
402 778 712 837 voluntatem,
739 794 886 842 quam
912 788 1258 842 exspectaram,
1278 782 1625 844 praestiterunt.
1700 782 1842 842 Quae

270 875 382 907 curn
418 860 860 924 viderem—neque
902 870 1036 909 erant
1083 863 1373 922 obscura—,
1408 879 1511 912 non
1546 873 1707 912 tamen
1743 873 1841 912 tam

270 942 442 990 acerba
470 942 587 990 mihi
620 942 741 991 haec
765 942 1062 1002 accidebant,
1087 959 1234 1006 quam
1263 953 1396 993 erant
1431 946 1512 994 illa
1541 954 1691 1009 grata,
1718 962 1841 1009 quae

270 1024 493 1071 fecerant.
566 1026 611 1072 6.
650 1024 821 1087 Itaque
846 1039 1140 1088 quamquam
1165 1033 1212 1073 et
1236 1025 1473 1089 Pompeio
1498 1028 1770 1090 plurimum,
1795 1036 1841 1076 te

269 1106 466 1168 quidem
503 1105 610 1168 ipso
646 1107 974 1169 praedicatore
1008 1122 1064 1155 ae
1100 1115 1233 1167 teste,
1261 1109 1498 1156 debebam
1531 1117 1579 1157 et
1606 1125 1718 1157 eum
1741 1124 1842 1158 non

270 1189 427 1236 solum
469 1188 723 1246 beneficio,
762 1189 847 1236 sed
884 1204 1048 1237 amore
1085 1190 1228 1238 etiarn
1265 1197 1312 1238 et
1358 1198 1594 1254 perpetuo
1629 1192 1842 1254 quodam

269 1267 446 1315 iudicio
496 1282 608 1315 meo
653 1267 926 1329 diligebam,
963 1274 1272 1321 tamennon
1322 1278 1563 1331 reputans,
1601 1271 1717 1332 quid
1763 1271 1838 1318 ille

269 1349 421 1407 vellet,
446 1348 496 1396 in
532 1348 759 1396 omnibus
795 1349 916 1396 meis
952 1349 1200 1397 sententiis
1236 1350 1296 1398 de
1332 1366 1383 1398 re
1415 1352 1606 1414 publica
1630 1353 1838 1415 pristinis

268 1431 626 1494 permanebam.
725 1442 765 1492 7.
804 1428 914 1493 Ego
972 1431 1168 1479 sedente
1223 1430 1310 1479 Cn.
1350 1431 1586 1496 Pompeio
1633 1450 1743 1482 curn
1790 1443 1842 1482 ut

268 1513 483 1561 laudaret
506 1513 559 1560 P.
588 1512 794 1561 Sestium
826 1512 1069 1561 introisset
1102 1513 1152 1560 in
1181 1514 1365 1572 urbem,
1390 1514 1682 1579 dixissetque
1707 1517 1842 1565 testis

268 1594 491 1642 Vatinius
528 1610 607 1642 me
640 1594 831 1642 fortuna
867 1601 914 1641 et
949 1594 1171 1643 felicitate
1208 1595 1263 1645 C.
1291 1589 1510 1644 Caesaris
1540 1606 1840 1646 commotum

268 1677 330 1724 illi
364 1678 574 1724 amicum
608 1693 717 1744 esse
746 1677 979 1739 coepisse,
1007 1678 1104 1725 dixi
1140 1693 1219 1726 me
1245 1694 1353 1727 earn
1390 1679 1547 1727 Bibuli
1582 1680 1839 1740 fortunam,

268 1774 415 1821 quarn
451 1759 528 1806 ille
565 1759 809 1807 adflictam
844 1766 1044 1821 putaret,
1071 1761 1291 1807 omniurn
1328 1761 1579 1824 triumphis
1613 1764 1841 1819 victoriisf

268 1856 362 1902 que
405 1840 638 1888 anteferre
656 1857 667 1900 ;
723 1840 917 1902 dixique
956 1841 1130 1890 eodem
1168 1850 1289 1890 teste
1330 1843 1423 1891 alio
1469 1843 1595 1902 loc0,
1638 1846 1839 1895 eosdem

268 1938 388 1981 esse,
426 1923 508 1985 qui
550 1923 774 1970 Bibulum
812 1922 940 1970 exire
979 1925 1127 1973 domo
1168 1925 1525 1988 prohibuissent
1559 1935 1607 1975 et
1641 1928 1724 1990 qui
1760 1944 1838 1976 me

269 2004 569 2066 coegissent:
622 2013 721 2052 tota
756 2021 868 2054 vero
904 2007 1215 2068 interrogatio
1252 2022 1362 2054 mea
1397 2008 1512 2055 nihil
1550 2009 1715 2057 habuit
1749 2012 1841 2059 nisi

269 2085 693 2149 reprehensionem
716 2088 841 2136 illius
865 2088 1156 2146 tribunatus;
1195 2088 1246 2135 in
1271 2104 1367 2151 qua
1390 2091 1557 2138 omnia
1581 2091 1707 2139 dicta
1731 2101 1842 2140 sunt

268 2169 482 2215 libertate
517 2168 778 2233 animoque
815 2170 1029 2217 maximo
1061 2169 1120 2216 de
1154 2169 1212 2228 vi,
1239 2170 1299 2218 de
1333 2172 1571 2233 auspiciis,
1598 2173 1658 2221 de
1689 2175 1840 2222 dona-

270 2250 400 2297 tione
424 2264 702 2311 regnorum.
775 2253 819 2300 8.
857 2249 1033 2313 Neque
1058 2266 1170 2299 vero
1195 2250 1286 2299 hac
1311 2252 1360 2299 in
1386 2268 1531 2300 causa
1562 2255 1727 2314 modo,
1755 2257 1840 2304 sed

271 2338 545 2380 constanter
593 2334 740 2396 saepe
786 2332 837 2380 in
884 2340 1080 2380 senatu:
1130 2334 1246 2395 quin
1285 2334 1429 2381 etiam
1471 2334 1754 2386 Marcellino
1794 2347 1841 2386 et

270 2414 494 2477 Philippo
544 2415 823 2464 consulibus
871 2413 1029 2463 Nonis
1076 2415 1322 2478 Aprilibus
1364 2417 1481 2465 mihi
1527 2426 1599 2467 est
1644 2429 1840 2469 senatus

271 2495 519 2554 adsensus,
557 2504 608 2544 ut
636 2496 703 2562 *de
739 2512 857 2560 agro
895 2495 1148 2560 Campano
1184 2497 1421 2560 frequenti
1469 2510 1637 2548 senatu
1674 2501 1840 2551 Idibus

273 2576 416 2625 Maiis
441 2576 701 2626 referretur.
773 2578 906 2627 Num
931 2580 1065 2641 potui
1089 2580 1244 2642 magis
1269 2581 1319 2628 in
1339 2597 1498 2630 arcem
1522 2583 1644 2632 illius
1668 2600 1840 2633 causae

273 2658 495 2707 invadere
531 2669 611 2708 aut
647 2662 802 2723 magis
838 2662 1052 2710 oblivisci
1091 2669 1362 2724 temporum
1398 2679 1633 2723 meorum,
1670 2667 1838 2715 memi-

273 2740 399 2789 nisse
424 2741 703 2790 actionum?
741 2741 831 2791 hac
855 2756 884 2790 a
908 2758 986 2791 me
1013 2746 1246 2792 sententia
1271 2744 1395 2793 dicta
1423 2760 1629 2809 magnus
1653 2749 1838 2797 animo·
