2040 3048
44 111 46 115 ’
101 107 169 158 Ep.
199 71 286 164 26.]
443 104 624 144 EPIST.
665 103 746 144 AD
784 102 1156 143 FAMILIARES
1195 103 1233 141 s.
1279 101 1326 157 7.
1614 88 1682 155 65

99 237 262 295 amari,
297 236 494 300 quando
542 237 603 284 ab
650 234 739 283 illis
788 235 920 283 nullo
967 234 1119 282 modo
1168 245 1384 295 possum.
1461 229 1679 277 Domum

100 333 259 366 meam
292 318 425 382 quod
452 318 620 366 crebro
657 317 834 375 invisiS,
862 324 934 364 est
967 316 1083 363 mihi
1116 313 1253 363 valde
1288 320 1494 375 gratum.
1569 310 1680 357 Via-

101 400 247 447 ticum
290 398 541 462 Crassipes
583 399 821 462 praeripit.
894 397 974 445 Tu
1018 397 1078 445 de
1121 396 1195 444 via
1237 402 1366 443 recta
1406 394 1456 440 in
1499 393 1678 439 hortos.

99 480 301 529 Videtur
327 479 631 529 commodius
668 479 730 528 ad
759 487 835 528 tet
873 478 1105 542 postridie
1141 477 1349 534 scilicet;
1391 475 1508 537 quid
1547 474 1679 521 enim

100 563 215 610 tua?
263 563 348 611 sed
390 562 660 611 viderimus.
734 561 1085 610 Bibliothecam
1133 559 1250 606 mihi
1299 557 1366 606 tui
1417 557 1680 620 pinxerunt

101 645 439 695 constrictione
475 652 522 693 et
558 644 770 707 sittybis:
807 657 894 692 eos
931 642 1073 691 velim
1109 641 1291 689 laudes„

456 778 534 826 26.
605 774 701 823 AD
738 773 1159 823 FAMILIARES
1198 773 1234 821 I.
1278 785 1321 835 7.

374 858 483 921 Scn'.
521 871 702 920 ROMAE
738 886 895 920 MENSE
930 869 1071 919 MA10
1108 884 1249 918 A.u.c.
1292 870 1404 930 698.

428 975 478 1008 M.
504 975 673 1009 CICERO
697 976 732 1009 s.
762 975 807 1008 D.
834 976 873 1008 P.
899 974 1127 1008 LENTULO
1152 973 1347 1008 PRocos.

176 1073 214 1106 1.
254 1057 378 1106 Lm
406 1064 511 1105 tuas
540 1056 732 1114 litteraS,
763 1056 938 1120 quibus
971 1055 1032 1104 ad
1061 1070 1141 1104 me
1175 1055 1344 1104 scribis
1377 1061 1570 1117 gratum
1600 1051 1684 1099 tibi

101 1155 222 1198 esse,
249 1139 382 1203 quod
407 1139 573 1188 crebro
604 1139 776 1187 certior
799 1153 886 1201 per
910 1153 990 1187 me
1015 1138 1101 1186 fias
1128 1137 1188 1185 de
1214 1137 1441 1186 omnibus
1468 1136 1612 1183 rebus
1637 1141 1685 1182 et

102 1237 261 1270 meam
297 1236 412 1284 erga
448 1228 494 1269 te
530 1220 917 1268 benevolentiam
954 1218 1091 1267 facile
1127 1218 1422 1282 perspicias:
1475 1231 1683 1280 quorum

101 1305 302 1353 alterum
325 1303 457 1361 mihi,
482 1310 534 1351 ut
558 1310 604 1350 te
635 1301 895 1365 plurimum
927 1300 1136 1363 diligam,
1168 1299 1326 1348 facere
1363 1312 1564 1347 necesse
1595 1305 1682 1354 est,

101 1386 140 1434 si
171 1383 283 1433 volo
310 1384 350 1432 is
380 1398 500 1442 esse,
530 1398 676 1446 quem
713 1391 764 1430 tu
799 1398 878 1431 me
914 1397 1020 1430 esse
1053 1381 1279 1441 voluisti3
1318 1380 1521 1429 alterum
1559 1378 1684 1427 facio

100 1467 313 1526 libenter,
360 1475 427 1524 ut,
475 1467 710 1530 quoniam
758 1465 1006 1514 intervallo
1056 1464 1277 1513 locorum
1315 1471 1362 1512 et
1410 1471 1684 1525 temporum

101 1550 298 1598 diiuncti
334 1564 514 1608 sumus,
551 1564 638 1612 per
672 1549 852 1597 litteras
887 1556 1049 1596 tecum
1086 1563 1235 1612 quam
1269 1545 1551 1609 saepissime
1587 1544 1684 1594 col-

99 1632 285 1695 loquar.
356 1631 507 1692 Quod
557 1632 597 1680 si
646 1632 796 1679 rarius
843 1630 925 1679 fiet
971 1645 1119 1693 quam
1168 1637 1218 1677 tu
1266 1628 1586 1692 exspectabis,
1635 1627 1685 1675 id

100 1715 187 1762 erit
221 1729 409 1772 causae,
447 1714 581 1777 quod
624 1728 726 1761 non
774 1713 876 1762 eius
923 1713 1114 1776 generis
1161 1726 1300 1760 meae
1338 1711 1520 1759 litterae
1558 1717 1684 1769 sunt,

99 1805 151 1846 ut
196 1811 279 1845 eas
325 1795 532 1844 audeam
567 1803 747 1844 temere
785 1795 1118 1844 committere:
1169 1793 1393 1857 quotiens
1428 1791 1545 1840 mihi
1583 1807 1684 1840 cer-

100 1888 257 1927 torum
303 1877 559 1926 hominum
607 1885 823 1941 potestas
864 1877 963 1935 erit,
1012 1877 1188 1940 quibus
1237 1883 1365 1923 recte
1417 1874 1544 1932 dem,
1583 1889 1684 1923 non

101 1962 489 2025 praetermittam.
566 1976 609 2008 2.
659 1959 810 2019 Quod
860 1958 980 2007 scire
1028 1959 1113 2018 viS,
1163 1972 1260 2020 qua
1309 1957 1515 2020 quisque
1553 1956 1603 2003 in
1639 1963 1687 2004 te

101 2044 194 2092 fide
230 2044 289 2091 sit
322 2051 367 2091 et
404 2042 665 2101 voluntate,
698 2041 887 2090 difficile
919 2039 1052 2090 dictu
1076 2048 1150 2090 est
1176 2040 1236 2089 de
1262 2038 1497 2102 singulis:
1533 2053 1686 2086 unum

99 2125 214 2174 illud
265 2124 435 2183 audeo,
491 2124 626 2186 quod
680 2131 823 2172 antea
877 2123 961 2170 tibi
1016 2137 1162 2186 saepe
1217 2121 1500 2184 significavi,
1555 2136 1687 2169 nunc

100 2223 296 2272 quoque
347 2223 398 2255 re
445 2214 700 2270 perspecta
749 2214 797 2255 et
846 2206 1043 2269 cognita
1096 2206 1319 2264 scribere,
1375 2204 1687 2253 vehementer

101 2274 342 2354 quosdam
388 2289 611 2338 homines
659 2296 706 2337 et
753 2303 855 2337 eos¹
887 2288 1113 2347 maxime,
1151 2288 1233 2351 qui
1283 2294 1329 2335 te
1358 2294 1426 2335 -et
1474 2287 1686 2334 maxime

102 2373 368 2421 debuerunt
417 2379 464 2419 et
504 2371 765 2434 plurimum
801 2370 962 2418 iuvare
999 2376 1279 2432 potuerunt,
1317 2368 1545 2416 invidisse
1582 2367 1686 2430 dig-

102 2453 237 2501 nitati
272 2460 396 2510 tuae‚
446 2451 834 2514 simillimamque
882 2450 933 2498 in
981 2465 1031 2499 re
1080 2449 1298 2498 dissimili
1345 2449 1412 2496 tui
1454 2449 1688 2511 temporis

103 2549 233 2583 nunc
265 2542 313 2582 et
348 2533 499 2581 nostri
537 2533 788 2596 quondam
825 2532 971 2581 fuisse
1008 2532 1261 2589 rationem,
1286 2539 1352 2589 ut,
1379 2545 1504 2593 quos
1539 2538 1590 2578 tu
1622 2530 1688 2578 rei

104 2615 323 2679 publicae
359 2628 505 2663 causa
540 2614 764 2672 laeseraS‚
802 2613 963 2676 palam
1001 2621 1047 2661 te
1083 2619 1440 2675 oppugnarent,
1478 2626 1687 2674 quorum

105 2696 450 2754 auctoritatem,
494 2696 778 2757 dignitatem
814 2696 1209 2756 voluntatemque
1248 2693 1549 2753 defenderas,
1587 2709 1688 2742 non

107 2786 203 2828 tam
241 2791 482 2827 memores
519 2786 680 2825 essent
715 2777 897 2825 virtutis
936 2785 1045 2824 tuae
1094 2791 1242 2841 quam
1291 2775 1444 2827 laudis
1492 2775 1685 2829 inimici.

878 2873 906 2910 1¹·
