2040 3048
309 105 326 141 1
345 106 362 141 1
375 103 404 141 2
769 97 830 137 M.
879 95 1077 135 TULLII
1115 96 1428 136 CICERONIS
1687 84 1799 159 [Pars
1826 99 1878 139 11.

300 221 471 283 Itaque
516 219 619 267 sine
662 218 759 266 ulla
799 218 1068 279 ignominia
1110 217 1207 266 suis
1256 215 1466 265 humeris
1514 218 1745 279 pecunias
1792 234 1879 281 po-

302 302 423 365 pulis
461 302 742 349 rettulerunt
760 315 773 359 ;
811 299 979 362 populi
1017 306 1177 346 autem
1213 299 1344 346 nullo
1380 299 1562 361 gemitu
1599 299 1880 361 publicanis,

302 385 474 446 quibus
511 383 604 430 hoc
641 383 751 444 ipso
787 381 936 429 lustro
985 380 1100 428 nihil
1141 381 1392 439 solverant,
1437 381 1581 428 etiam
1625 382 1883 444 superioris

302 466 434 512 lustri
483 465 665 526 reliqua
713 463 1055 523 reddiderunt3
1116 463 1276 525 itaque
1324 462 1594 525 publicanis
1642 464 1692 510 in
1731 465 1883 512 oculis

303 561 482 595 sumus.
557 550 568 571 ‘
589 545 769 593 Gratis'
818 545 976 607 inquis
1014 544 1205 592 ‘virisl'
1245 543 1509 592 Sensimus.
1579 544 1685 592 Iam
1726 553 1884 593 cetera

304 630 417 677 iuris
445 628 590 676 dictio
617 641 708 674 nec
744 627 964 689 imperita
988 634 1036 674 et
1069 626 1282 674 clemens
1309 641 1420 673 cum
1445 626 1710 674 admirabili
1735 627 1883 676 facili-

303 719 426 770 tate;
468 711 623 758 aditus
649 716 810 756 autem
838 709 900 756 ad
933 723 1011 756 me
1044 708 1243 755 minime
1276 707 1621 769 provinciales3
1659 709 1775 756 nihil
1799 725 1886 772 per

306 792 674 850 cubicularium;
733 798 843 838 ante
890 790 1048 838 lucem
1090 790 1448 837 inambulabam
1487 791 1634 849 dorni,
1670 800 1723 839 ut
1769 792 1885 839 olim

305 875 601 924 candidatus.
698 871 849 920 Grata
903 872 1025 920 haec
1072 879 1119 919 et
1165 887 1346 933 magna
1401 872 1615 934 mihique
1663 874 1885 921 nondum

306 957 546 1004 laboriosa
582 970 642 1002 ex
677 954 756 1001 illa
791 961 949 1001 vetere
986 953 1166 1001 militia.
1237 955 1281 1000 6.
1321 953 1478 1002 Nonis
1515 954 1660 1002 Maiis
1697 955 1746 1002 in
1772 955 1886 1004 Cili-

307 1040 430 1086 ciam
468 1037 775 1099 cogitabam3
812 1034 878 1082 ibi
915 1049 1027 1082 cum
1065 1035 1259 1083 Iunium
1296 1050 1517 1083 mensem
1554 1038 1885 1100 consumpsis-

307 1127 624 1181 sem—atque
659 1117 844 1164 utinam
879 1116 928 1162 in
962 1118 1113 1178 pace!
1151 1132 1386 1179 magnum
1420 1119 1550 1165 enim
1583 1118 1762 1166 bellum
1797 1119 1886 1165 im-

306 1202 486 1266 pendet
510 1216 539 1248 a
563 1198 830 1257 Parthis—,
858 1197 1153 1257 Quinctilem
1186 1199 1236 1246 in
1267 1199 1422 1247 reditu
1446 1215 1630 1262 ponere
1646 1216 1659 1260 ;
1698 1215 1887 1248 annuae

307 1285 436 1332 enim
460 1282 577 1330 mihi
601 1296 779 1344 operae
806 1296 847 1329 a.
875 1280 919 1327 d.
947 1296 1014 1328 111.
1042 1280 1151 1328 Kal.
1182 1280 1344 1329 Sextil.
1371 1290 1669 1330 emerentur:
1706 1297 1886 1345 magna

307 1375 467 1415 autem
509 1365 558 1412 in
597 1379 685 1426 spe
724 1377 831 1410 sum
873 1363 990 1410 mihi
1032 1363 1148 1409 nihil
1187 1363 1418 1425 temporis
1457 1373 1772 1426 prorogatum
1813 1365 1881 1411 iri.

309 1448 569 1496 Habebam
593 1453 699 1493 acta
722 1445 907 1492 urbana
942 1459 1096 1507 usque
1129 1445 1191 1492 ad
1217 1444 1389 1493 Nonas
1414 1444 1630 1503 Martias,
1657 1461 1684 1493 e
1709 1447 1884 1509 quibus

308 1529 647 1590 intellegebam
696 1526 920 1575 Curionis
979 1528 1129 1574 nostri
1180 1528 1453 1575 constantia
1507 1528 1673 1575 omnia
1725 1529 1886 1591 potius

311 1619 474 1660 actum
505 1610 561 1657 iri
590 1624 734 1672 quam
764 1608 825 1656 de
849 1609 1134 1671 provinciis:
1172 1624 1304 1670 ergo,
1330 1616 1382 1656 ut
1419 1624 1573 1671 spero,
1600 1610 1884 1672 propediem

311 1704 357 1743 te
392 1693 579 1740 videbo.
652 1701 697 1751 7.
731 1690 891 1738 Venio
929 1690 992 1738 ad
1028 1689 1229 1738 Brutum
1265 1698 1416 1749 tuum,
1451 1690 1600 1739 immo
1635 1700 1888 1752 nostrum3

313 1777 381 1825 sic
415 1775 544 1823 enim
577 1772 759 1820 mavis:
797 1772 1022 1835 equidem
1059 1773 1226 1820 omnia
1261 1772 1368 1831 feci,
1394 1787 1518 1835 quae
1554 1773 1690 1835 potui
1725 1782 1805 1820 aut
1839 1773 1889 1820 in

313 1873 422 1906 mea
468 1854 716 1918 provincia
760 1855 989 1916 perficere
1031 1862 1113 1902 aut
1158 1855 1208 1902 in
1250 1869 1403 1916 regno
1450 1855 1667 1917 experiri.
1739 1854 1889 1903 Omni

314 1940 456 2002 igitur
491 1936 643 1985 modo
679 1936 758 1998 egi
794 1951 906 1983 cum
947 1952 1061 1998 rege
1103 1944 1150 1984 et
1186 1951 1281 1998 ago
1318 1936 1545 1999 quotidie,
1581 1951 1668 1999 per
1714 1937 1891 1984 litteras

317 2022 522 2078 scilicet;
560 2019 721 2081 ipsum
745 2019 874 2065 enim
897 2019 1108 2066 triduum
1128 2018 1506 2080 quadriduumve
1530 2033 1723 2066 mecum
1747 2018 1892 2066 habui

318 2101 602 2151 turbulentis
638 2101 688 2146 in
724 2101 880 2158 rebus,
918 2101 1092 2162 quibus
1129 2104 1240 2146 eiim
1279 2099 1486 2147 liberavi.
1559 2098 1656 2147 Sed
1696 2107 1744 2147 et
1789 2109 1891 2147 tum

320 2197 548 2248 praesens
574 2190 622 2229 et
645 2189 816 2244 postea
849 2181 1165 2229 creberrumis
1197 2181 1364 2228 litteris
1395 2195 1497 2228 non
1534 2180 1690 2229 destiti
1722 2196 1894 2243 rogare

322 2274 369 2314 et
414 2272 577 2328 petere
619 2278 729 2310 mea
770 2277 930 2321 causa,
982 2263 1186 2310 suadere
1227 2271 1274 2310 et
1315 2263 1492 2311 hortari
1530 2278 1643 2311 sua:
1691 2263 1892 2310 multum

321 2346 518 2410 profeci,
545 2345 632 2392 sed
666 2352 912 2407 quantum,
939 2358 1040 2392 non
1073 2344 1229 2406 plane,
1250 2345 1363 2407 quia
1397 2345 1543 2407 longe
1567 2346 1754 2404 absum,
1779 2345 1894 2393 scio.

325 2428 610 2478 Salaminios
639 2425 959 2474 autem—hos
992 2426 1122 2473 enim
1155 2435 1375 2488 poteram
1408 2427 1894 2484 coercere-adduxi,

321 2520 375 2560 ut
410 2518 566 2559 totum
604 2523 787 2556 nomen
824 2507 1018 2571 Scaptio
1054 2508 1227 2556 vellent
1263 2510 1460 2568 solvere,
1499 2510 1586 2558 sed
1622 2509 1896 2557 centesimis

324 2593 478 2641 ductis
534 2606 563 2638 a
615 2605 855 2653 proxuma
907 2590 1103 2653 quidem
1158 2591 1447 2654 syngrapha,
1496 2606 1587 2639 nec
1639 2589 1895 2654 perpetuis,

323 2673 411 2722 sed
444 2673 684 2720 renovatis
720 2673 992 2734 quotannis.
1064 2671 1455 2720 Numerabantur
1490 2673 1702 2720 nummi:
1745 2671 1898 2718 noluit

328 2753 564 2818 Scaptius.
637 2753 732 2811 Tu,
772 2754 853 2817 qui
891 2753 960 2801 ais
997 2753 1198 2801 Brutum
1234 2768 1410 2816 cupere
1446 2753 1623 2816 aliquid
1663 2751 1899 2815 perdere?
