<?xml version="1.0" encoding="UTF-8"?>
<!DOCTYPE html PUBLIC "-//W3C//DTD XHTML 1.0 Transitional//EN"
    "http://www.w3.org/TR/xhtml1/DTD/xhtml1-transitional.dtd">
<html xmlns="http://www.w3.org/1999/xhtml" xml:lang="en" lang="en">
 <head>
  <title>
</title>
<meta http-equiv="Content-Type" content="text/html;charset=utf-8" />
  <meta name='ocr-system' content='tesseract 3.04.00' />
  <meta name='ocr-capabilities' content='ocr_page ocr_carea ocr_par ocr_line ocrx_word'/>
</head>
<body>
  <div class='ocr_page' id='page_1' title='image "./epistolaeselecta00ciceuoft/epistolaeselecta00ciceuoft_0304.png"; bbox 0 0 2040 3048; ppageno 0'>
   <div class='ocr_carea' id='block_1_1' title="bbox 313 87 1328 139">
    <p class='ocr_par' dir='ltr' id='par_1_1' title="bbox 313 87 1328 139">
     <span class='ocr_line' id='line_1_1' title="bbox 313 87 1328 139; baseline -0.002 -4"><span class='ocrx_word' id='word_1_1' title='bbox 313 87 414 139; x_wconf 89' lang='lat'>288</span> <span class='ocrx_word' id='word_1_2' title='bbox 958 96 1214 135; x_wconf 79' lang='lat' dir='ltr'><strong><em>INDEX</em></strong></span> <span class='ocrx_word' id='word_1_3' title='bbox 1262 96 1328 136; x_wconf 81' lang='lat'>11.</span> 
     </span>
    </p>
   </div>
   <div class='ocr_carea' id='block_1_2' title="bbox 1236 227 2014 388">
    <p class='ocr_par' dir='ltr' id='par_1_2' title="bbox 1236 227 2014 388">
     <span class='ocr_line' id='line_1_2' title="bbox 1239 227 2014 275; baseline 0.012 -11"><span class='ocrx_word' id='word_1_4' title='bbox 1239 227 1277 265; x_wconf 90' lang='lat' dir='ltr'>in</span> <span class='ocrx_word' id='word_1_5' title='bbox 1304 228 1452 267; x_wconf 86' lang='lat' dir='ltr'>Italiam</span> <span class='ocrx_word' id='word_1_6' title='bbox 1475 229 1583 275; x_wconf 90' lang='lat' dir='ltr'>redit,</span> <span class='ocrx_word' id='word_1_7' title='bbox 1604 229 1678 274; x_wconf 86' lang='lat' dir='ltr'>ib.;</span> <span class='ocrx_word' id='word_1_8' title='bbox 1711 230 1768 269; x_wconf 88' lang='lat' dir='ltr'>M.</span> <span class='ocrx_word' id='word_1_9' title='bbox 1785 227 1968 270; x_wconf 86' lang='lat' dir='ltr'>Marcello</span> <span class='ocrx_word' id='word_1_10' title='bbox 2012 270 2014 274; x_wconf 75' lang='grc'><strong>,</strong></span> 
     </span>
     <span class='ocr_line' id='line_1_3' title="bbox 1236 283 1970 338; baseline 0.004 -18"><span class='ocrx_word' id='word_1_11' title='bbox 1236 283 1399 321; x_wconf 88' lang='lat' dir='ltr'>reditum</span> <span class='ocrx_word' id='word_1_12' title='bbox 1426 284 1463 321; x_wconf 90' lang='lat' dir='ltr'>in</span> <span class='ocrx_word' id='word_1_13' title='bbox 1489 285 1650 333; x_wconf 90' lang='lat' dir='ltr'>patriam</span> <span class='ocrx_word' id='word_1_14' title='bbox 1670 285 1858 333; x_wconf 90' lang='lat' dir='ltr'>concedit,</span> <span class='ocrx_word' id='word_1_15' title='bbox 1883 297 1970 338; x_wconf 82' lang='lat'>194,</span> 
     </span>
     <span class='ocr_line' id='line_1_4' title="bbox 1245 336 1972 388; baseline 0.006 -14"><span class='ocrx_word' id='word_1_16' title='bbox 1245 336 1331 388; x_wconf 87' lang='lat'><strong>198,</strong></span> <span class='ocrx_word' id='word_1_17' title='bbox 1363 347 1463 386; x_wconf 86' lang='lat'><strong>205;</strong></span> <span class='ocrx_word' id='word_1_18' title='bbox 1495 339 1571 377; x_wconf 90' lang='lat' dir='ltr'>eius</span> <span class='ocrx_word' id='word_1_19' title='bbox 1596 339 1635 376; x_wconf 87' lang='lat' dir='ltr'>in</span> <span class='ocrx_word' id='word_1_20' title='bbox 1662 339 1782 377; x_wconf 91' lang='lat' dir='ltr'>victos</span> <span class='ocrx_word' id='word_1_21' title='bbox 1807 339 1972 378; x_wconf 87' lang='lat' dir='ltr'>clemen·</span> 
     </span>
    </p>
   </div>
   <div class='ocr_carea' id='block_1_3' title="bbox 312 228 1972 933">
    <p class='ocr_par' dir='ltr' id='par_1_3' title="bbox 312 228 1099 334">
     <span class='ocr_line' id='line_1_5' title="bbox 312 228 1099 280; baseline -0.006 -12"><span class='ocrx_word' id='word_1_22' title='bbox 312 231 547 276; x_wconf 83' lang='lat' dir='ltr'><strong>Hortensius,</strong></span> <span class='ocrx_word' id='word_1_23' title='bbox 563 232 614 280; x_wconf 84' lang='lat' dir='ltr'>Q.</span> <span class='ocrx_word' id='word_1_24' title='bbox 636 229 828 275; x_wconf 85' lang='lat' dir='ltr'>Hortalus,</span> <span class='ocrx_word' id='word_1_25' title='bbox 843 228 1099 278; x_wconf 83' lang='lat' dir='ltr'>praecedentis</span> 
     </span>
     <span class='ocr_line' id='line_1_6' title="bbox 363 285 584 334; baseline 0.005 -12"><span class='ocrx_word' id='word_1_26' title='bbox 363 285 471 330; x_wconf 89' lang='lat' dir='ltr'>filius,</span> <span class='ocrx_word' id='word_1_27' title='bbox 496 294 584 334; x_wconf 87' lang='lat'><em>173.</em></span> 
     </span>
    </p>

    <p class='ocr_par' dir='ltr' id='par_1_4' title="bbox 314 336 772 390">
     <span class='ocr_line' id='line_1_7' title="bbox 314 336 772 390; baseline -0.007 -12"><span class='ocrx_word' id='word_1_28' title='bbox 314 340 519 390; x_wconf 88' lang='lat' dir='ltr'>Hypsaeus,</span> <span class='ocrx_word' id='word_1_29' title='bbox 540 353 575 377; x_wconf 92' lang='lat' dir='ltr'>v.</span> <span class='ocrx_word' id='word_1_30' title='bbox 594 336 772 376; x_wconf 88' lang='lat' dir='ltr'>Plautius.</span> 
     </span>
    </p>

    <p class='ocr_par' dir='ltr' id='par_1_5' title="bbox 314 392 1972 933">
     <span class='ocr_line' id='line_1_8' title="bbox 1240 392 1971 443; baseline 0.007 -15"><span class='ocrx_word' id='word_1_31' title='bbox 1240 392 1305 436; x_wconf 89' lang='lat' dir='ltr'>tia,</span> <span class='ocrx_word' id='word_1_32' title='bbox 1330 399 1419 443; x_wconf 89' lang='lat'>197,</span> <span class='ocrx_word' id='word_1_33' title='bbox 1445 392 1543 443; x_wconf 87' lang='lat'>198;</span> <span class='ocrx_word' id='word_1_34' title='bbox 1574 393 1708 431; x_wconf 88' lang='lat' dir='ltr'>Cicero</span> <span class='ocrx_word' id='word_1_35' title='bbox 1735 394 1768 431; x_wconf 88' lang='lat' dir='ltr'>ei</span> <span class='ocrx_word' id='word_1_36' title='bbox 1797 394 1839 431; x_wconf 92' lang='lat' dir='ltr'>P.</span> <span class='ocrx_word' id='word_1_37' title='bbox 1861 394 1971 432; x_wconf 79' lang='lat' dir='ltr'>Cras·</span> 
     </span>
     <span class='ocr_line' id='line_1_9' title="bbox 1240 447 1969 498; baseline 0.005 -15"><span class='ocrx_word' id='word_1_38' title='bbox 1240 458 1324 484; x_wconf 88' lang='lat' dir='ltr'>sum</span> <span class='ocrx_word' id='word_1_39' title='bbox 1350 447 1605 491; x_wconf 87' lang='lat' dir='ltr'><strong>commendat,</strong></span> <span class='ocrx_word' id='word_1_40' title='bbox 1633 458 1733 496; x_wconf 77' lang='lat'>2073</span> <span class='ocrx_word' id='word_1_41' title='bbox 1761 460 1969 498; x_wconf 85' lang='lat' dir='ltr'><strong>numquam</strong></span> 
     </span>
     <span class='ocr_line' id='line_1_10' title="bbox 1240 500 1972 552; baseline 0.005 -15"><span class='ocrx_word' id='word_1_42' title='bbox 1240 500 1450 549; x_wconf 88' lang='lat' dir='ltr'>interpellat</span> <span class='ocrx_word' id='word_1_43' title='bbox 1491 513 1539 539; x_wconf 90' lang='lat' dir='ltr'>ne</span> <span class='ocrx_word' id='word_1_44' title='bbox 1576 502 1620 540; x_wconf 92' lang='lat' dir='ltr'>C.</span> <span class='ocrx_word' id='word_1_45' title='bbox 1653 502 1796 540; x_wconf 86' lang='lat' dir='ltr'>Matius</span> <span class='ocrx_word' id='word_1_46' title='bbox 1838 503 1972 552; x_wconf 85' lang='lat' dir='ltr'>quibus</span> 
     </span>
     <span class='ocr_line' id='line_1_11' title="bbox 1240 554 1972 606; baseline 0.005 -14"><span class='ocrx_word' id='word_1_47' title='bbox 1240 554 1331 592; x_wconf 89' lang='lat' dir='ltr'>velit</span> <span class='ocrx_word' id='word_1_48' title='bbox 1350 554 1479 593; x_wconf 89' lang='lat' dir='ltr'>amicis</span> <span class='ocrx_word' id='word_1_49' title='bbox 1498 562 1637 603; x_wconf 89' lang='lat' dir='ltr'>utatur,</span> <span class='ocrx_word' id='word_1_50' title='bbox 1659 566 1734 606; x_wconf 86' lang='lat'>235</span> <span class='ocrx_word' id='word_1_51' title='bbox 1750 571 1760 603; x_wconf 92' lang='lat'>;</span> <span class='ocrx_word' id='word_1_52' title='bbox 1789 557 1828 594; x_wconf 92' lang='lat' dir='ltr'>in</span> <span class='ocrx_word' id='word_1_53' title='bbox 1848 558 1972 606; x_wconf 89' lang='lat' dir='ltr'>primo</span> 
     </span>
     <span class='ocr_line' id='line_1_12' title="bbox 1240 609 1972 657; baseline 0.005 -12"><span class='ocrx_word' id='word_1_54' title='bbox 1240 609 1435 647; x_wconf 89' lang='lat' dir='ltr'>consulatu</span> <span class='ocrx_word' id='word_1_55' title='bbox 1488 610 1744 648; x_wconf 87' lang='lat' dir='ltr'>Volaterranis</span> <span class='ocrx_word' id='word_1_56' title='bbox 1800 612 1972 657; x_wconf 90' lang='lat' dir='ltr'>consulit,</span> 
     </span>
     <span class='ocr_line' id='line_1_13' title="bbox 315 661 1972 715; baseline 0.002 -13"><span class='ocrx_word' id='word_1_57' title='bbox 315 666 422 709; x_wconf 81' lang='lat' dir='ltr'>isara,</span> <span class='ocrx_word' id='word_1_58' title='bbox 443 666 596 709; x_wconf 91' lang='lat' dir='ltr'>flumen,</span> <span class='ocrx_word' id='word_1_59' title='bbox 619 672 710 715; x_wconf 97' lang='grc'><strong>270,</strong></span> <span class='ocrx_word' id='word_1_60' title='bbox 735 672 825 714; x_wconf 86' lang='grc'><strong>274,</strong></span> <span class='ocrx_word' id='word_1_61' title='bbox 848 671 938 715; x_wconf 86' lang='grc'><strong>275,</strong></span> <span class='ocrx_word' id='word_1_62' title='bbox 1244 661 1348 708; x_wconf 86' lang='grc'><strong>216;</strong></span> <span class='ocrx_word' id='word_1_63' title='bbox 1395 665 1472 701; x_wconf 89' lang='lat' dir='ltr'>eius</span> <span class='ocrx_word' id='word_1_64' title='bbox 1517 665 1592 702; x_wconf 91' lang='lat' dir='ltr'>ludi</span> <span class='ocrx_word' id='word_1_65' title='bbox 1638 673 1725 714; x_wconf 90' lang='lat' dir='ltr'>post</span> <span class='ocrx_word' id='word_1_66' title='bbox 1772 666 1972 705; x_wconf 82' lang='lat' dir='ltr'>victoriam</span> 
     </span>
     <span class='ocr_line' id='line_1_14' title="bbox 314 718 1971 770; baseline 0.002 -14"><span class='ocrx_word' id='word_1_67' title='bbox 314 720 515 758; x_wconf 84' lang='lat' dir='ltr'>[sauricum</span> <span class='ocrx_word' id='word_1_68' title='bbox 535 719 674 765; x_wconf 87' lang='lat' dir='ltr'>forum,</span> <span class='ocrx_word' id='word_1_69' title='bbox 700 727 788 768; x_wconf 90' lang='lat'><strong>105.</strong></span> <span class='ocrx_word' id='word_1_70' title='bbox 1243 718 1494 756; x_wconf 87' lang='lat' dir='ltr'>Mundensem</span> <span class='ocrx_word' id='word_1_71' title='bbox 1524 719 1712 764; x_wconf 89' lang='lat' dir='ltr'>celebrati,</span> <span class='ocrx_word' id='word_1_72' title='bbox 1740 719 1817 758; x_wconf 85' lang='lat'>218</span> <span class='ocrx_word' id='word_1_73' title='bbox 1832 733 1843 765; x_wconf 89' lang='lat'><strong>;</strong></span> <span class='ocrx_word' id='word_1_74' title='bbox 1874 721 1971 770; x_wconf 89' lang='lat' dir='ltr'>apud</span> 
     </span>
     <span class='ocr_line' id='line_1_15' title="bbox 316 771 1972 824; baseline 0.002 -14"><span class='ocrx_word' id='word_1_75' title='bbox 316 774 486 819; x_wconf 85' lang='lat' dir='ltr'>[sidorus‚</span> <span class='ocrx_word' id='word_1_76' title='bbox 511 782 600 824; x_wconf 84' lang='lat'><em>177.</em></span> <span class='ocrx_word' id='word_1_77' title='bbox 1241 771 1466 810; x_wconf 86' lang='lat' dir='ltr'>Ciceronem</span> <span class='ocrx_word' id='word_1_78' title='bbox 1504 773 1668 811; x_wconf 87' lang='lat' dir='ltr'>Puteolis</span> <span class='ocrx_word' id='word_1_79' title='bbox 1701 782 1847 820; x_wconf 89' lang='lat' dir='ltr'>coenat,</span> <span class='ocrx_word' id='word_1_80' title='bbox 1881 775 1972 821; x_wconf 86' lang='lat'>218,</span> 
     </span>
     <span class='ocr_line' id='line_1_16' title="bbox 314 828 1971 877; baseline 0.001 -12"><span class='ocrx_word' id='word_1_81' title='bbox 314 828 507 871; x_wconf 87' lang='lat' dir='ltr'>Isocrates,</span> <span class='ocrx_word' id='word_1_82' title='bbox 531 839 594 867; x_wconf 84' lang='lat'>22.</span> <span class='ocrx_word' id='word_1_83' title='bbox 1244 835 1343 877; x_wconf 76' lang='lat'>2193</span> <span class='ocrx_word' id='word_1_84' title='bbox 1393 828 1472 865; x_wconf 88' lang='lat' dir='ltr'>eius</span> <span class='ocrx_word' id='word_1_85' title='bbox 1515 828 1615 866; x_wconf 84' lang='lat' dir='ltr'>dicta</span> <span class='ocrx_word' id='word_1_86' title='bbox 1660 829 1706 867; x_wconf 92' lang='lat' dir='ltr'>de</span> <span class='ocrx_word' id='word_1_87' title='bbox 1752 829 1811 867; x_wconf 92' lang='lat' dir='ltr'>M.</span> <span class='ocrx_word' id='word_1_88' title='bbox 1839 830 1971 875; x_wconf 86' lang='lat' dir='ltr'>Bruto,</span> 
     </span>
     <span class='ocr_line' id='line_1_17' title="bbox 315 877 1970 933; baseline 0.001 -13"><span class='ocrx_word' id='word_1_89' title='bbox 315 882 432 927; x_wconf 87' lang='lat' dir='ltr'>Italia,</span> <span class='ocrx_word' id='word_1_90' title='bbox 466 893 531 933; x_wconf 86' lang='lat'>43,</span> <span class='ocrx_word' id='word_1_91' title='bbox 566 881 631 930; x_wconf 89' lang='lat'>46,</span> <span class='ocrx_word' id='word_1_92' title='bbox 665 891 729 932; x_wconf 87' lang='lat'>54,</span> <span class='ocrx_word' id='word_1_93' title='bbox 765 890 855 926; x_wconf 88' lang='grc'><strong>121,</strong></span> <span class='ocrx_word' id='word_1_94' title='bbox 887 877 978 925; x_wconf 88' lang='grc'><strong>126,</strong></span> <span class='ocrx_word' id='word_1_95' title='bbox 1012 879 1100 930; x_wconf 77' lang='grc'><strong>138,</strong></span> <span class='ocrx_word' id='word_1_96' title='bbox 1244 890 1344 924; x_wconf 89' lang='grc'><strong>220;</strong></span> <span class='ocrx_word' id='word_1_97' title='bbox 1379 888 1418 919; x_wconf 92' lang='lat' dir='ltr'>et</span> <span class='ocrx_word' id='word_1_98' title='bbox 1446 881 1493 919; x_wconf 92' lang='lat' dir='ltr'>de</span> <span class='ocrx_word' id='word_1_99' title='bbox 1519 881 1717 927; x_wconf 90' lang='lat' dir='ltr'>Cicerone,</span> <span class='ocrx_word' id='word_1_100' title='bbox 1748 894 1840 928; x_wconf 83' lang='grc'><strong>220,</strong></span> <span class='ocrx_word' id='word_1_101' title='bbox 1869 893 1970 929; x_wconf 86' lang='grc'><strong>221;</strong></span> 
     </span>
    </p>
   </div>
   <div class='ocr_carea' id='block_1_4' title="bbox 315 448 1095 659">
    <p class='ocr_par' dir='ltr' id='par_1_6' title="bbox 315 448 610 498">
     <span class='ocr_line' id='line_1_18' title="bbox 315 448 610 498; baseline 0.014 -13"><span class='ocrx_word' id='word_1_102' title='bbox 315 448 494 492; x_wconf 84' lang='grc' dir='ltr'><strong>[0011ἰ11111,</strong></span> <span class='ocrx_word' id='word_1_103' title='bbox 519 458 610 498; x_wconf 81' lang='lat'><strong>103.</strong></span> 
     </span>
    </p>

    <p class='ocr_par' dir='ltr' id='par_1_7' title="bbox 315 503 597 553">
     <span class='ocr_line' id='line_1_19' title="bbox 315 503 597 553; baseline 0.004 -14"><span class='ocrx_word' id='word_1_104' title='bbox 315 503 484 551; x_wconf 80' lang='lat' dir='ltr'>inalpini,</span> <span class='ocrx_word' id='word_1_105' title='bbox 509 513 597 553; x_wconf 87' lang='lat'><strong>244.</strong></span> 
     </span>
    </p>

    <p class='ocr_par' dir='ltr' id='par_1_8' title="bbox 315 554 1095 659">
     <span class='ocr_line' id='line_1_20' title="bbox 315 554 1095 605; baseline -0.001 -11"><span class='ocrx_word' id='word_1_106' title='bbox 315 558 538 601; x_wconf 89' lang='lat' dir='ltr'>[nteramna,</span> <span class='ocrx_word' id='word_1_107' title='bbox 566 557 613 594; x_wconf 90' lang='lat' dir='ltr'>ad</span> <span class='ocrx_word' id='word_1_108' title='bbox 641 556 771 601; x_wconf 89' lang='lat' dir='ltr'>Lirim,</span> <span class='ocrx_word' id='word_1_109' title='bbox 807 555 861 605; x_wconf 81' lang='lat'>(‘?)</span> <span class='ocrx_word' id='word_1_110' title='bbox 880 565 950 605; x_wconf 88' lang='grc'>24;</span> <span class='ocrx_word' id='word_1_111' title='bbox 995 554 1095 593; x_wconf 87' lang='lat' dir='ltr'>Inte·</span> 
     </span>
     <span class='ocr_line' id='line_1_21' title="bbox 365 610 824 659; baseline -0.002 -10"><span class='ocrx_word' id='word_1_112' title='bbox 365 619 557 649; x_wconf 81' lang='lat' dir='ltr'>tamnates</span> <span class='ocrx_word' id='word_1_113' title='bbox 577 610 626 648; x_wconf 89' lang='lat' dir='ltr'>ad</span> <span class='ocrx_word' id='word_1_114' title='bbox 646 610 737 654; x_wconf 87' lang='lat' dir='ltr'>Nar,</span> <span class='ocrx_word' id='word_1_115' title='bbox 762 618 824 659; x_wconf 86' lang='lat'>72.</span> 
     </span>
    </p>
   </div>
   <div class='ocr_carea' id='block_1_5' title="bbox 316 936 1106 2728">
    <p class='ocr_par' dir='ltr' id='par_1_9' title="bbox 316 936 1101 1096">
     <span class='ocr_line' id='line_1_22' title="bbox 371 936 1101 986; baseline -0.003 -1"><span class='ocrx_word' id='word_1_116' title='bbox 371 946 460 985; x_wconf 84' lang='lat'>141,</span> <span class='ocrx_word' id='word_1_117' title='bbox 498 945 587 985; x_wconf 64' lang='lat'>153,</span> <span class='ocrx_word' id='word_1_118' title='bbox 625 936 714 986; x_wconf 90' lang='lat'>189,</span> <span class='ocrx_word' id='word_1_119' title='bbox 750 944 842 985; x_wconf 81' lang='lat'>251,</span> <span class='ocrx_word' id='word_1_120' title='bbox 879 944 969 984; x_wconf 68' lang='lat'>²532</span> <span class='ocrx_word' id='word_1_121' title='bbox 1011 944 1101 984; x_wconf 64' lang='lat'>²54,</span> 
     </span>
     <span class='ocr_line' id='line_1_23' title="bbox 371 989 1027 1042; baseline -0.002 -14"><span class='ocrx_word' id='word_1_122' title='bbox 371 989 460 1039; x_wconf 85' lang='lat'>264,</span> <span class='ocrx_word' id='word_1_123' title='bbox 483 989 572 1039; x_wconf 85' lang='grc'><strong>265,</strong></span> <span class='ocrx_word' id='word_1_124' title='bbox 595 997 686 1041; x_wconf 90' lang='grc'><strong>270,</strong></span> <span class='ocrx_word' id='word_1_125' title='bbox 709 997 799 1042; x_wconf 83' lang='lat'>272,</span> <span class='ocrx_word' id='word_1_126' title='bbox 823 995 914 1040; x_wconf 86' lang='lat'>274,</span> <span class='ocrx_word' id='word_1_127' title='bbox 937 996 1027 1039; x_wconf 82' lang='lat'><em>277.</em></span> 
     </span>
     <span class='ocr_line' id='line_1_24' title="bbox 316 1045 857 1096; baseline 0 -15"><span class='ocrx_word' id='word_1_128' title='bbox 316 1045 421 1093; x_wconf 88' lang='lat' dir='ltr'>Iuba,</span> <span class='ocrx_word' id='word_1_129' title='bbox 439 1045 646 1083; x_wconf 88' lang='lat' dir='ltr'>Numidiae</span> <span class='ocrx_word' id='word_1_130' title='bbox 663 1057 745 1090; x_wconf 88' lang='lat' dir='ltr'>rex,</span> <span class='ocrx_word' id='word_1_131' title='bbox 769 1054 857 1096; x_wconf 91' lang='lat'>190.</span> 
     </span>
    </p>

    <p class='ocr_par' dir='ltr' id='par_1_10' title="bbox 317 1097 1106 2728">
     <span class='ocr_line' id='line_1_25' title="bbox 317 1097 1101 1149; baseline -0.001 -13"><span class='ocrx_word' id='word_1_132' title='bbox 317 1099 441 1145; x_wconf 89' lang='lat' dir='ltr'>Iulius,</span> <span class='ocrx_word' id='word_1_133' title='bbox 476 1100 521 1138; x_wconf 91' lang='lat' dir='ltr'>C.</span> <span class='ocrx_word' id='word_1_134' title='bbox 552 1100 701 1148; x_wconf 88' lang='lat' dir='ltr'>Caesar,</span> <span class='ocrx_word' id='word_1_135' title='bbox 745 1097 960 1149; x_wconf 88' lang='lat' dir='ltr'>(dictator),</span> <span class='ocrx_word' id='word_1_136' title='bbox 1003 1098 1101 1147; x_wconf 88' lang='lat' dir='ltr'>apud</span> 
     </span>
     <span class='ocr_line' id='line_1_26' title="bbox 370 1153 1105 1199; baseline -0.003 -7"><span class='ocrx_word' id='word_1_137' title='bbox 370 1167 458 1192; x_wconf 90' lang='lat' dir='ltr'>eum</span> <span class='ocrx_word' id='word_1_138' title='bbox 497 1153 540 1191; x_wconf 89' lang='lat' dir='ltr'>fit</span> <span class='ocrx_word' id='word_1_139' title='bbox 581 1155 711 1192; x_wconf 89' lang='lat' dir='ltr'>Bonae</span> <span class='ocrx_word' id='word_1_140' title='bbox 749 1155 867 1199; x_wconf 91' lang='lat' dir='ltr'>Deae,</span> <span class='ocrx_word' id='word_1_141' title='bbox 910 1162 984 1199; x_wconf 81' lang='lat'>113</span> <span class='ocrx_word' id='word_1_142' title='bbox 1026 1153 1105 1191; x_wconf 86' lang='lat' dir='ltr'>eius</span> 
     </span>
     <span class='ocr_line' id='line_1_27' title="bbox 371 1207 1104 1257; baseline -0.005 -11"><span class='ocrx_word' id='word_1_143' title='bbox 371 1208 474 1247; x_wconf 88' lang='lat' dir='ltr'>venti</span> <span class='ocrx_word' id='word_1_144' title='bbox 517 1215 604 1247; x_wconf 86' lang='lat' dir='ltr'>sunt</span> <span class='ocrx_word' id='word_1_145' title='bbox 647 1208 812 1254; x_wconf 89' lang='lat' dir='ltr'>secundi,</span> <span class='ocrx_word' id='word_1_146' title='bbox 853 1218 926 1257; x_wconf 81' lang='lat'>243</span> <span class='ocrx_word' id='word_1_147' title='bbox 974 1207 1104 1245; x_wconf 89' lang='lat' dir='ltr'>consul</span> 
     </span>
     <span class='ocr_line' id='line_1_28' title="bbox 372 1260 1106 1315; baseline -0.004 -14"><span class='ocrx_word' id='word_1_148' title='bbox 372 1274 490 1303; x_wconf 70' lang='grc' dir='ltr'><strong>Λ.υ.0.</strong></span> <span class='ocrx_word' id='word_1_149' title='bbox 523 1260 616 1315; x_wconf 90' lang='lat'>695,</span> <span class='ocrx_word' id='word_1_150' title='bbox 651 1260 795 1314; x_wconf 86' lang='lat'>26-43,</span> <span class='ocrx_word' id='word_1_151' title='bbox 833 1273 932 1311; x_wconf 79' lang='lat'>1243</span> <span class='ocrx_word' id='word_1_152' title='bbox 975 1261 1106 1300; x_wconf 87' lang='lat' dir='ltr'>Lucae</span> 
     </span>
     <span class='ocr_line' id='line_1_29' title="bbox 371 1316 1102 1366; baseline -0.004 -10"><span class='ocrx_word' id='word_1_153' title='bbox 371 1331 459 1356; x_wconf 90' lang='lat' dir='ltr'>cum</span> <span class='ocrx_word' id='word_1_154' title='bbox 483 1318 668 1366; x_wconf 88' lang='lat' dir='ltr'>Pompeio</span> <span class='ocrx_word' id='word_1_155' title='bbox 687 1318 735 1356; x_wconf 91' lang='lat' dir='ltr'>de</span> <span class='ocrx_word' id='word_1_156' title='bbox 759 1329 800 1355; x_wconf 83' lang='lat' dir='ltr'>re</span> <span class='ocrx_word' id='word_1_157' title='bbox 821 1317 969 1366; x_wconf 86' lang='lat' dir='ltr'>publica</span> <span class='ocrx_word' id='word_1_158' title='bbox 988 1316 1102 1354; x_wconf 90' lang='lat' dir='ltr'>collo-</span> 
     </span>
     <span class='ocr_line' id='line_1_30' title="bbox 371 1371 1102 1423; baseline -0.004 -13"><span class='ocrx_word' id='word_1_159' title='bbox 371 1373 507 1421; x_wconf 89' lang='lat' dir='ltr'>quitur,</span> <span class='ocrx_word' id='word_1_160' title='bbox 527 1378 594 1423; x_wconf 81' lang='lat'>773</span> <span class='ocrx_word' id='word_1_161' title='bbox 624 1372 667 1410; x_wconf 92' lang='lat' dir='ltr'>C.</span> <span class='ocrx_word' id='word_1_162' title='bbox 689 1371 914 1411; x_wconf 85' lang='lat' dir='ltr'>Trebatium</span> <span class='ocrx_word' id='word_1_163' title='bbox 938 1371 971 1409; x_wconf 94' lang='lat' dir='ltr'>ei</span> <span class='ocrx_word' id='word_1_164' title='bbox 996 1382 1102 1408; x_wconf 91' lang='lat' dir='ltr'>com-</span> 
     </span>
     <span class='ocr_line' id='line_1_31' title="bbox 369 1424 1101 1474; baseline -0.004 -9"><span class='ocrx_word' id='word_1_165' title='bbox 369 1427 528 1465; x_wconf 90' lang='lat' dir='ltr'>mendat</span> <span class='ocrx_word' id='word_1_166' title='bbox 561 1425 709 1471; x_wconf 92' lang='lat' dir='ltr'>Cicero,</span> <span class='ocrx_word' id='word_1_167' title='bbox 752 1434 823 1474; x_wconf 90' lang='lat'>70;</span> <span class='ocrx_word' id='word_1_168' title='bbox 871 1425 918 1464; x_wconf 87' lang='lat' dir='ltr'>C.</span> <span class='ocrx_word' id='word_1_169' title='bbox 957 1424 1101 1463; x_wconf 91' lang='lat' dir='ltr'>Matius</span> 
     </span>
     <span class='ocr_line' id='line_1_32' title="bbox 370 1480 1101 1533; baseline -0.003 -14"><span class='ocrx_word' id='word_1_170' title='bbox 370 1481 514 1530; x_wconf 88' lang='lat' dir='ltr'>perficit</span> <span class='ocrx_word' id='word_1_171' title='bbox 529 1486 571 1519; x_wconf 88' lang='lat' dir='ltr'>ut</span> <span class='ocrx_word' id='word_1_172' title='bbox 591 1480 722 1533; x_wconf 87' lang='lat' dir='ltr'>diligat</span> <span class='ocrx_word' id='word_1_173' title='bbox 743 1480 977 1523; x_wconf 88' lang='lat' dir='ltr'>Ciceronem,</span> <span class='ocrx_word' id='word_1_174' title='bbox 1002 1489 1074 1528; x_wconf 81' lang='lat'>231</span> <span class='ocrx_word' id='word_1_175' title='bbox 1091 1491 1101 1524; x_wconf 86' lang='lat'>;</span> 
     </span>
     <span class='ocr_line' id='line_1_33' title="bbox 372 1534 1102 1585; baseline -0.004 -12"><span class='ocrx_word' id='word_1_176' title='bbox 372 1537 410 1573; x_wconf 88' lang='lat' dir='ltr'>in</span> <span class='ocrx_word' id='word_1_177' title='bbox 430 1542 560 1573; x_wconf 90' lang='lat' dir='ltr'>senatu</span> <span class='ocrx_word' id='word_1_178' title='bbox 581 1535 626 1572; x_wconf 93' lang='lat' dir='ltr'>de</span> <span class='ocrx_word' id='word_1_179' title='bbox 644 1534 844 1585; x_wconf 86' lang='lat' dir='ltr'>provinciis</span> <span class='ocrx_word' id='word_1_180' title='bbox 864 1535 941 1571; x_wconf 91' lang='lat' dir='ltr'>eius</span> <span class='ocrx_word' id='word_1_181' title='bbox 969 1534 1102 1585; x_wconf 88' lang='lat' dir='ltr'>agitur,</span> 
     </span>
     <span class='ocr_line' id='line_1_34' title="bbox 371 1588 1100 1642; baseline -0.004 -14"><span class='ocrx_word' id='word_1_182' title='bbox 371 1599 437 1642; x_wconf 90' lang='lat'>95,</span> <span class='ocrx_word' id='word_1_183' title='bbox 454 1597 518 1641; x_wconf 89' lang='lat'>97,</span> <span class='ocrx_word' id='word_1_184' title='bbox 541 1599 618 1628; x_wconf 88' lang='grc'><strong>100</strong></span> <span class='ocrx_word' id='word_1_185' title='bbox 635 1602 645 1636; x_wconf 85' lang='grc'><strong>;</strong></span> <span class='ocrx_word' id='word_1_186' title='bbox 671 1589 788 1627; x_wconf 91' lang='lat' dir='ltr'>Curio</span> <span class='ocrx_word' id='word_1_187' title='bbox 809 1601 897 1626; x_wconf 91' lang='lat' dir='ltr'>eum</span> <span class='ocrx_word' id='word_1_188' title='bbox 917 1588 1100 1633; x_wconf 89' lang='lat' dir='ltr'>defendit,</span> 
     </span>
     <span class='ocr_line' id='line_1_35' title="bbox 375 1643 1101 1694; baseline -0.003 -12"><span class='ocrx_word' id='word_1_189' title='bbox 375 1654 464 1688; x_wconf 89' lang='grc'><strong>102,</strong></span> <span class='ocrx_word' id='word_1_190' title='bbox 502 1654 600 1694; x_wconf 88' lang='grc'><strong>109;</strong></span> <span class='ocrx_word' id='word_1_191' title='bbox 644 1643 716 1681; x_wconf 88' lang='lat' dir='ltr'>fert</span> <span class='ocrx_word' id='word_1_192' title='bbox 758 1643 1020 1681; x_wconf 87' lang='lat' dir='ltr'>condicionem</span> <span class='ocrx_word' id='word_1_193' title='bbox 1059 1650 1101 1680; x_wconf 88' lang='lat' dir='ltr'>ut</span> 
     </span>
     <span class='ocr_line' id='line_1_36' title="bbox 370 1697 1104 1747; baseline 0 -13"><span class='ocrx_word' id='word_1_194' title='bbox 370 1698 448 1746; x_wconf 89' lang='lat' dir='ltr'>ipse</span> <span class='ocrx_word' id='word_1_195' title='bbox 485 1704 524 1736; x_wconf 91' lang='lat' dir='ltr'>et</span> <span class='ocrx_word' id='word_1_196' title='bbox 566 1698 766 1747; x_wconf 90' lang='lat' dir='ltr'>Pompeius</span> <span class='ocrx_word' id='word_1_197' title='bbox 804 1697 990 1736; x_wconf 87' lang='lat' dir='ltr'>exercitus</span> <span class='ocrx_word' id='word_1_198' title='bbox 1027 1705 1104 1736; x_wconf 89' lang='lat' dir='ltr'>tra·</span> 
     </span>
     <span class='ocr_line' id='line_1_37' title="bbox 370 1751 1103 1804; baseline -0.003 -14"><span class='ocrx_word' id='word_1_199' title='bbox 370 1753 474 1797; x_wconf 89' lang='lat' dir='ltr'>dant,</span> <span class='ocrx_word' id='word_1_200' title='bbox 513 1758 612 1801; x_wconf 91' lang='lat'><em>117;</em></span> <span class='ocrx_word' id='word_1_201' title='bbox 653 1764 738 1789; x_wconf 89' lang='lat' dir='ltr'>cum</span> <span class='ocrx_word' id='word_1_202' title='bbox 777 1764 824 1789; x_wconf 91' lang='lat' dir='ltr'>eo</span> <span class='ocrx_word' id='word_1_203' title='bbox 863 1758 928 1790; x_wconf 87' lang='lat' dir='ltr'>aut</span> <span class='ocrx_word' id='word_1_204' title='bbox 963 1751 1103 1804; x_wconf 89' lang='lat' dir='ltr'>depug-</span> 
     </span>
     <span class='ocr_line' id='line_1_38' title="bbox 371 1806 1099 1857; baseline -0.003 -13"><span class='ocrx_word' id='word_1_205' title='bbox 371 1808 536 1844; x_wconf 88' lang='lat' dir='ltr'>nandum</span> <span class='ocrx_word' id='word_1_206' title='bbox 566 1814 628 1843; x_wconf 89' lang='lat' dir='ltr'>aut</span> <span class='ocrx_word' id='word_1_207' title='bbox 649 1806 822 1845; x_wconf 87' lang='lat' dir='ltr'>habenda</span> <span class='ocrx_word' id='word_1_208' title='bbox 843 1819 864 1844; x_wconf 93' lang='lat' dir='ltr'>e</span> <span class='ocrx_word' id='word_1_209' title='bbox 889 1806 969 1857; x_wconf 89' lang='lat' dir='ltr'>lege</span> <span class='ocrx_word' id='word_1_210' title='bbox 990 1807 1099 1850; x_wconf 90' lang='lat' dir='ltr'>ratio,</span> 
     </span>
     <span class='ocr_line' id='line_1_39' title="bbox 377 1860 1100 1910; baseline -0.001 -11"><span class='ocrx_word' id='word_1_211' title='bbox 377 1870 583 1910; x_wconf 81' lang='lat'><strong>122-1253</strong></span> <span class='ocrx_word' id='word_1_212' title='bbox 607 1861 645 1898; x_wconf 90' lang='lat' dir='ltr'>in</span> <span class='ocrx_word' id='word_1_213' title='bbox 660 1861 809 1898; x_wconf 87' lang='lat' dir='ltr'>Italiam</span> <span class='ocrx_word' id='word_1_214' title='bbox 824 1860 1006 1909; x_wconf 88' lang='lat' dir='ltr'>irrumpit,</span> <span class='ocrx_word' id='word_1_215' title='bbox 1027 1867 1100 1910; x_wconf 86' lang='lat'>705</span> 
     </span>
     <span class='ocr_line' id='line_1_40' title="bbox 371 1912 1101 1966; baseline -0.003 -13"><span class='ocrx_word' id='word_1_216' title='bbox 371 1927 502 1960; x_wconf 72' lang='lat' dir='ltr'>A.u.c.‚</span> <span class='ocrx_word' id='word_1_217' title='bbox 553 1912 763 1966; x_wconf 84' lang='lat'><strong>126-134;</strong></span> <span class='ocrx_word' id='word_1_218' title='bbox 811 1915 858 1952; x_wconf 89' lang='lat' dir='ltr'>ad</span> <span class='ocrx_word' id='word_1_219' title='bbox 893 1913 1101 1953; x_wconf 85' lang='lat' dir='ltr'>Corfinium</span> 
     </span>
     <span class='ocr_line' id='line_1_41' title="bbox 371 1969 1104 2020; baseline -0.003 -12"><span class='ocrx_word' id='word_1_220' title='bbox 371 1978 489 2008; x_wconf 86' lang='lat' dir='ltr'>castra</span> <span class='ocrx_word' id='word_1_221' title='bbox 523 1970 643 2019; x_wconf 90' lang='lat' dir='ltr'>ponit,</span> <span class='ocrx_word' id='word_1_222' title='bbox 679 1976 775 2020; x_wconf 76' lang='lat'><em>1373</em></span> <span class='ocrx_word' id='word_1_223' title='bbox 817 1969 957 2018; x_wconf 88' lang='lat' dir='ltr'>oppido</span> <span class='ocrx_word' id='word_1_224' title='bbox 990 1977 1104 2018; x_wconf 92' lang='lat' dir='ltr'>capto</span> 
     </span>
     <span class='ocr_line' id='line_1_42' title="bbox 369 2023 1104 2073; baseline -0.003 -11"><span class='ocrx_word' id='word_1_225' title='bbox 369 2025 411 2062; x_wconf 92' lang='lat' dir='ltr'>P.</span> <span class='ocrx_word' id='word_1_226' title='bbox 441 2024 644 2062; x_wconf 88' lang='lat' dir='ltr'>Lentulum</span> <span class='ocrx_word' id='word_1_227' title='bbox 686 2025 855 2073; x_wconf 88' lang='lat' dir='ltr'>aliosque</span> <span class='ocrx_word' id='word_1_228' title='bbox 898 2023 1104 2061; x_wconf 89' lang='lat' dir='ltr'>incolumes</span> 
     </span>
     <span class='ocr_line' id='line_1_43' title="bbox 371 2077 1103 2128; baseline -0.001 -12"><span class='ocrx_word' id='word_1_229' title='bbox 371 2079 542 2123; x_wconf 89' lang='lat' dir='ltr'>dimittit,</span> <span class='ocrx_word' id='word_1_230' title='bbox 569 2089 655 2128; x_wconf 86' lang='grc'><strong>144,</strong></span> <span class='ocrx_word' id='word_1_231' title='bbox 679 2084 769 2127; x_wconf 83' lang='grc'><strong>157,</strong></span> <span class='ocrx_word' id='word_1_232' title='bbox 794 2077 896 2127; x_wconf 88' lang='grc'><strong>158;</strong></span> <span class='ocrx_word' id='word_1_233' title='bbox 926 2078 1003 2116; x_wconf 92' lang='lat' dir='ltr'>eius</span> <span class='ocrx_word' id='word_1_234' title='bbox 1030 2078 1103 2115; x_wconf 85' lang='lat' dir='ltr'>cle·</span> 
     </span>
     <span class='ocr_line' id='line_1_44' title="bbox 371 2130 1105 2182; baseline -0.004 -12"><span class='ocrx_word' id='word_1_235' title='bbox 371 2133 526 2177; x_wconf 87' lang='lat' dir='ltr'>mentia,</span> <span class='ocrx_word' id='word_1_236' title='bbox 579 2141 776 2182; x_wconf 84' lang='lat'>142-145,</span> <span class='ocrx_word' id='word_1_237' title='bbox 828 2130 902 2181; x_wconf 87' lang='lat'>158</span> <span class='ocrx_word' id='word_1_238' title='bbox 924 2145 934 2177; x_wconf 90' lang='grc'><strong>;</strong></span> <span class='ocrx_word' id='word_1_239' title='bbox 991 2132 1105 2168; x_wconf 91' lang='lat' dir='ltr'>Pom-</span> 
     </span>
     <span class='ocr_line' id='line_1_45' title="bbox 371 2186 1103 2237; baseline 0 -13"><span class='ocrx_word' id='word_1_240' title='bbox 371 2188 496 2237; x_wconf 90' lang='lat' dir='ltr'>peium</span> <span class='ocrx_word' id='word_1_241' title='bbox 550 2186 738 2223; x_wconf 88' lang='lat' dir='ltr'>Brundisii</span> <span class='ocrx_word' id='word_1_242' title='bbox 792 2186 949 2232; x_wconf 89' lang='lat' dir='ltr'>obsidet,</span> <span class='ocrx_word' id='word_1_243' title='bbox 1000 2193 1103 2236; x_wconf 84' lang='lat'>157;</span> 
     </span>
     <span class='ocr_line' id='line_1_46' title="bbox 372 2241 1103 2289; baseline -0.003 -9"><span class='ocrx_word' id='word_1_244' title='bbox 372 2241 563 2280; x_wconf 87' lang='lat' dir='ltr'>Ciceronis</span> <span class='ocrx_word' id='word_1_245' title='bbox 616 2253 704 2278; x_wconf 93' lang='lat' dir='ltr'>cum</span> <span class='ocrx_word' id='word_1_246' title='bbox 759 2253 805 2278; x_wconf 93' lang='lat' dir='ltr'>eo</span> <span class='ocrx_word' id='word_1_247' title='bbox 858 2241 1103 2289; x_wconf 89' lang='lat' dir='ltr'>colloquium,</span> 
     </span>
     <span class='ocr_line' id='line_1_47' title="bbox 376 2294 1103 2347; baseline -0.001 -13"><span class='ocrx_word' id='word_1_248' title='bbox 376 2306 474 2347; x_wconf 82' lang='lat'><strong>1493</strong></span> <span class='ocrx_word' id='word_1_249' title='bbox 506 2294 784 2333; x_wconf 86' lang='lat' dir='ltr'>simulationem</span> <span class='ocrx_word' id='word_1_250' title='bbox 808 2295 1103 2333; x_wconf 87' lang='lat' dir='ltr'>mansuetudinis</span> 
     </span>
     <span class='ocr_line' id='line_1_48' title="bbox 373 2346 1102 2395; baseline -0.001 -7"><span class='ocrx_word' id='word_1_251' title='bbox 373 2359 410 2388; x_wconf 90' lang='lat' dir='ltr'>et</span> <span class='ocrx_word' id='word_1_252' title='bbox 454 2349 671 2388; x_wconf 86' lang='lat' dir='ltr'>divitiarum</span> <span class='ocrx_word' id='word_1_253' title='bbox 714 2349 871 2395; x_wconf 87' lang='lat' dir='ltr'>arnittit,</span> <span class='ocrx_word' id='word_1_254' title='bbox 913 2346 1015 2393; x_wconf 89' lang='lat'>168;</span> <span class='ocrx_word' id='word_1_255' title='bbox 1064 2349 1102 2387; x_wconf 91' lang='lat' dir='ltr'>in</span> 
     </span>
     <span class='ocr_line' id='line_1_49' title="bbox 374 2403 1104 2456; baseline -0.004 -13"><span class='ocrx_word' id='word_1_256' title='bbox 374 2404 554 2453; x_wconf 87' lang='lat' dir='ltr'>Hispania</span> <span class='ocrx_word' id='word_1_257' title='bbox 589 2410 719 2443; x_wconf 88' lang='lat' dir='ltr'>contra</span> <span class='ocrx_word' id='word_1_258' title='bbox 753 2405 897 2456; x_wconf 86' lang='lat' dir='ltr'>legatos</span> <span class='ocrx_word' id='word_1_259' title='bbox 934 2403 1104 2453; x_wconf 90' lang='lat' dir='ltr'>Pompeii</span> 
     </span>
     <span class='ocr_line' id='line_1_50' title="bbox 372 2455 1106 2512; baseline -0.001 -15"><span class='ocrx_word' id='word_1_260' title='bbox 372 2465 527 2512; x_wconf 86' lang='lat' dir='ltr'>pugnat.</span> <span class='ocrx_word' id='word_1_261' title='bbox 551 2455 756 2506; x_wconf 79' lang='lat'>163-1683</span> <span class='ocrx_word' id='word_1_262' title='bbox 776 2458 1001 2507; x_wconf 89' lang='lat' dir='ltr'>Pompeium</span> <span class='ocrx_word' id='word_1_263' title='bbox 1021 2470 1106 2507; x_wconf 90' lang='lat' dir='ltr'>pro·</span> 
     </span>
     <span class='ocr_line' id='line_1_51' title="bbox 372 2512 1102 2563; baseline -0.001 -11"><span class='ocrx_word' id='word_1_264' title='bbox 372 2527 418 2563; x_wconf 91' lang='lat' dir='ltr'>pe</span> <span class='ocrx_word' id='word_1_265' title='bbox 484 2512 764 2563; x_wconf 85' lang='lat' dir='ltr'>Dyrrhachium</span> <span class='ocrx_word' id='word_1_266' title='bbox 832 2512 1102 2557; x_wconf 86' lang='lat' dir='ltr'>circumvallat,</span> 
     </span>
     <span class='ocr_line' id='line_1_52' title="bbox 377 2565 1103 2617; baseline -0.003 -11"><span class='ocrx_word' id='word_1_267' title='bbox 377 2565 475 2617; x_wconf 88' lang='lat'><em>176;</em></span> <span class='ocrx_word' id='word_1_268' title='bbox 520 2567 655 2604; x_wconf 90' lang='lat' dir='ltr'>Cicero</span> <span class='ocrx_word' id='word_1_269' title='bbox 693 2579 762 2615; x_wconf 92' lang='lat' dir='ltr'>pro</span> <span class='ocrx_word' id='word_1_270' title='bbox 801 2567 950 2615; x_wconf 84' lang='lat' dir='ltr'>Qinto</span> <span class='ocrx_word' id='word_1_271' title='bbox 989 2567 1103 2605; x_wconf 88' lang='lat' dir='ltr'>fratre</span> 
     </span>
     <span class='ocr_line' id='line_1_53' title="bbox 374 2620 1105 2670; baseline -0.001 -10"><span class='ocrx_word' id='word_1_272' title='bbox 374 2623 468 2660; x_wconf 90' lang='lat' dir='ltr'>iram</span> <span class='ocrx_word' id='word_1_273' title='bbox 502 2623 580 2659; x_wconf 90' lang='lat' dir='ltr'>eius</span> <span class='ocrx_word' id='word_1_274' title='bbox 615 2622 842 2670; x_wconf 84' lang='lat' dir='ltr'>deprecatur,</span> <span class='ocrx_word' id='word_1_275' title='bbox 877 2620 975 2670; x_wconf 86' lang='lat'>183;</span> <span class='ocrx_word' id='word_1_276' title='bbox 1020 2628 1105 2670; x_wconf 90' lang='lat' dir='ltr'>post</span> 
     </span>
     <span class='ocr_line' id='line_1_54' title="bbox 372 2675 1104 2728; baseline 0 -14"><span class='ocrx_word' id='word_1_277' title='bbox 372 2688 541 2728; x_wconf 88' lang='lat' dir='ltr'>pugnam</span> <span class='ocrx_word' id='word_1_278' title='bbox 568 2675 820 2714; x_wconf 88' lang='lat' dir='ltr'>Pharsalicam</span> <span class='ocrx_word' id='word_1_279' title='bbox 845 2676 1104 2721; x_wconf 88' lang='lat' dir='ltr'>Alexandriae,</span> 
     </span>
    </p>
   </div>
   <div class='ocr_carea' id='block_1_6' title="bbox 373 2728 1163 2782">
    <p class='ocr_par' dir='ltr' id='par_1_11' title="bbox 373 2728 1163 2782">
     <span class='ocr_line' id='line_1_55' title="bbox 373 2728 1163 2782; baseline 0 -15"><span class='ocrx_word' id='word_1_280' title='bbox 373 2731 507 2768; x_wconf 87' lang='lat' dir='ltr'>deinde</span> <span class='ocrx_word' id='word_1_281' title='bbox 533 2729 570 2767; x_wconf 88' lang='lat' dir='ltr'>in</span> <span class='ocrx_word' id='word_1_282' title='bbox 592 2730 681 2767; x_wconf 90' lang='lat' dir='ltr'>Asia</span> <span class='ocrx_word' id='word_1_283' title='bbox 708 2730 847 2767; x_wconf 88' lang='lat' dir='ltr'>bellum</span> <span class='ocrx_word' id='word_1_284' title='bbox 873 2731 981 2782; x_wconf 83' lang='lat' dir='ltr'>gerit,</span> <span class='ocrx_word' id='word_1_285' title='bbox 1009 2728 1102 2779; x_wconf 86' lang='lat'>185;</span> <span class='ocrx_word' id='word_1_286' title='bbox 1161 2728 1163 2730; x_wconf 69' lang='grc'><strong>’</strong></span> 
     </span>
    </p>
   </div>
   <div class='ocr_carea' id='block_1_7' title="bbox 374 2783 1102 2836">
    <p class='ocr_par' dir='ltr' id='par_1_12' title="bbox 374 2783 1102 2836">
     <span class='ocr_line' id='line_1_56' title="bbox 374 2783 1102 2836; baseline -0.004 -13"><span class='ocrx_word' id='word_1_287' title='bbox 374 2795 488 2823; x_wconf 54' lang='lat' dir='ltr'>immo.</span> <span class='ocrx_word' id='word_1_288' title='bbox 514 2783 589 2832; x_wconf 89' lang='lat'>708</span> <span class='ocrx_word' id='word_1_289' title='bbox 617 2784 655 2820; x_wconf 91' lang='lat' dir='ltr'>in</span> <span class='ocrx_word' id='word_1_290' title='bbox 677 2784 801 2821; x_wconf 82' lang='lat' dir='ltr'>Africa</span> <span class='ocrx_word' id='word_1_291' title='bbox 826 2791 979 2836; x_wconf 88' lang='lat' dir='ltr'>pugnat,</span> <span class='ocrx_word' id='word_1_292' title='bbox 1007 2783 1102 2833; x_wconf 88' lang='lat'><em>187;</em></span> 
     </span>
    </p>
   </div>
   <div class='ocr_carea' id='block_1_8' title="bbox 1240 935 2040 986">
    <p class='ocr_par' dir='ltr' id='par_1_13' title="bbox 1240 935 2040 986">
     <span class='ocr_line' id='line_1_57' title="bbox 1240 935 2040 986; baseline 0.009 -15"><span class='ocrx_word' id='word_1_293' title='bbox 1240 935 1359 972; x_wconf 87' lang='lat' dir='ltr'>multa</span> <span class='ocrx_word' id='word_1_294' title='bbox 1397 935 1527 973; x_wconf 90' lang='lat' dir='ltr'>Siculis</span> <span class='ocrx_word' id='word_1_295' title='bbox 1564 937 1747 982; x_wconf 90' lang='lat' dir='ltr'>concedit,</span> <span class='ocrx_word' id='word_1_296' title='bbox 1785 947 1888 986; x_wconf 84' lang='grc'><strong>223;</strong></span> <span class='ocrx_word' id='word_1_297' title='bbox 1927 938 1973 977; x_wconf 88' lang='lat' dir='ltr'>C.</span> <span class='ocrx_word' id='word_1_298' title='bbox 2037 972 2040 978; x_wconf 94' lang='lat'><em>.</em></span> 
     </span>
    </p>
   </div>
   <div class='ocr_carea' id='block_1_9' title="bbox 1242 988 1971 1041">
    <p class='ocr_par' dir='ltr' id='par_1_14' title="bbox 1242 988 1971 1041">
     <span class='ocr_line' id='line_1_58' title="bbox 1242 988 1971 1041; baseline 0.008 -16"><span class='ocrx_word' id='word_1_299' title='bbox 1242 988 1356 1026; x_wconf 89' lang='lat' dir='ltr'>Matii</span> <span class='ocrx_word' id='word_1_300' title='bbox 1397 989 1435 1026; x_wconf 91' lang='lat' dir='ltr'>in</span> <span class='ocrx_word' id='word_1_301' title='bbox 1476 1002 1563 1028; x_wconf 93' lang='lat' dir='ltr'>eum</span> <span class='ocrx_word' id='word_1_302' title='bbox 1606 992 1828 1037; x_wconf 84' lang='lat' dir='ltr'>constantia,</span> <span class='ocrx_word' id='word_1_303' title='bbox 1870 1001 1971 1041; x_wconf 75' lang='lat'>2353</span> 
     </span>
    </p>
   </div>
   <div class='ocr_carea' id='block_1_10' title="bbox 1242 1044 2040 1094">
    <p class='ocr_par' dir='ltr' id='par_1_15' title="bbox 1242 1044 2040 1094">
     <span class='ocr_line' id='line_1_59' title="bbox 1242 1044 2040 1094; baseline 0.005 -14"><span class='ocrx_word' id='word_1_304' title='bbox 1242 1044 1320 1080; x_wconf 91' lang='lat' dir='ltr'>eius</span> <span class='ocrx_word' id='word_1_305' title='bbox 1346 1046 1611 1082; x_wconf 88' lang='lat' dir='ltr'>commentarii</span> <span class='ocrx_word' id='word_1_306' title='bbox 1639 1052 1725 1094; x_wconf 89' lang='lat' dir='ltr'>post</span> <span class='ocrx_word' id='word_1_307' title='bbox 1751 1046 1839 1083; x_wconf 89' lang='lat' dir='ltr'>Idus</span> <span class='ocrx_word' id='word_1_308' title='bbox 1869 1047 1974 1084; x_wconf 88' lang='lat' dir='ltr'>Mar·</span> <span class='ocrx_word' id='word_1_309' title='bbox 2038 1047 2040 1050; x_wconf 82' lang='lat'>&#39;</span> 
     </span>
    </p>
   </div>
   <div class='ocr_carea' id='block_1_11' title="bbox 1243 1098 1904 1149">
    <p class='ocr_par' dir='ltr' id='par_1_16' title="bbox 1243 1098 1904 1149">
     <span class='ocr_line' id='line_1_60' title="bbox 1243 1098 1904 1149; baseline 0.008 -15"><span class='ocrx_word' id='word_1_310' title='bbox 1243 1098 1313 1135; x_wconf 89' lang='lat' dir='ltr'>tias</span> <span class='ocrx_word' id='word_1_311' title='bbox 1332 1111 1353 1136; x_wconf 90' lang='lat' dir='ltr'>a</span> <span class='ocrx_word' id='word_1_312' title='bbox 1375 1099 1431 1136; x_wconf 88' lang='lat' dir='ltr'>M.</span> <span class='ocrx_word' id='word_1_313' title='bbox 1451 1099 1622 1137; x_wconf 87' lang='lat' dir='ltr'>Antonio</span> <span class='ocrx_word' id='word_1_314' title='bbox 1642 1100 1789 1149; x_wconf 90' lang='lat' dir='ltr'>prolati,</span> <span class='ocrx_word' id='word_1_315' title='bbox 1813 1098 1904 1140; x_wconf 89' lang='grc'><strong>226.</strong></span> 
     </span>
    </p>
   </div>
   <div class='ocr_carea' id='block_1_12' title="bbox 1187 1152 1973 1202">
    <p class='ocr_par' dir='ltr' id='par_1_17' title="bbox 1187 1152 1973 1202">
     <span class='ocr_line' id='line_1_61' title="bbox 1187 1152 1973 1202; baseline 0.006 -13"><span class='ocrx_word' id='word_1_316' title='bbox 1187 1152 1340 1202; x_wconf 89' lang='lat' dir='ltr'>(Iulius)</span> <span class='ocrx_word' id='word_1_317' title='bbox 1361 1153 1404 1191; x_wconf 92' lang='lat' dir='ltr'>C.</span> <span class='ocrx_word' id='word_1_318' title='bbox 1423 1153 1561 1192; x_wconf 87' lang='lat' dir='ltr'>Caesar</span> <span class='ocrx_word' id='word_1_319' title='bbox 1580 1155 1825 1200; x_wconf 88' lang='lat' dir='ltr'>Octavianus,</span> <span class='ocrx_word' id='word_1_320' title='bbox 1840 1167 1878 1194; x_wconf 76' lang='lat' dir='ltr'>v·</span> <span class='ocrx_word' id='word_1_321' title='bbox 1897 1155 1973 1194; x_wconf 91' lang='lat' dir='ltr'>Oc·</span> 
     </span>
    </p>
   </div>
   <div class='ocr_carea' id='block_1_13' title="bbox 1242 1207 1376 1246">
    <p class='ocr_par' dir='ltr' id='par_1_18' title="bbox 1242 1207 1376 1246">
     <span class='ocr_line' id='line_1_62' title="bbox 1242 1207 1376 1246; baseline 0.007 -2"><span class='ocrx_word' id='word_1_322' title='bbox 1242 1207 1376 1246; x_wconf 87' lang='lat' dir='ltr'>tavius.</span> 
     </span>
    </p>
   </div>
   <div class='ocr_carea' id='block_1_14' title="bbox 1187 1260 1972 1314">
    <p class='ocr_par' dir='ltr' id='par_1_19' title="bbox 1187 1260 1972 1314">
     <span class='ocr_line' id='line_1_63' title="bbox 1187 1260 1972 1314; baseline 0.006 -16"><span class='ocrx_word' id='word_1_323' title='bbox 1187 1283 1241 1291; x_wconf 86' lang='lat'>—</span> <span class='ocrx_word' id='word_1_324' title='bbox 1261 1262 1304 1299; x_wconf 93' lang='lat' dir='ltr'>L.</span> <span class='ocrx_word' id='word_1_325' title='bbox 1327 1262 1475 1307; x_wconf 88' lang='lat' dir='ltr'>Caesar,</span> <span class='ocrx_word' id='word_1_326' title='bbox 1504 1275 1581 1302; x_wconf 86' lang='lat' dir='ltr'>cos.</span> <span class='ocrx_word' id='word_1_327' title='bbox 1610 1260 1692 1314; x_wconf 90' lang='lat'>690</span> <span class='ocrx_word' id='word_1_328' title='bbox 1718 1275 1852 1309; x_wconf 69' lang='lat' dir='ltr'>A.u.c.,</span> <span class='ocrx_word' id='word_1_329' title='bbox 1884 1262 1972 1309; x_wconf 89' lang='grc'><strong>206,</strong></span> 
     </span>
    </p>
   </div>
   <div class='ocr_carea' id='block_1_15' title="bbox 1244 1322 1676 1366">
    <p class='ocr_par' dir='ltr' id='par_1_20' title="bbox 1244 1322 1676 1366">
     <span class='ocr_line' id='line_1_64' title="bbox 1244 1322 1676 1366; baseline 0.007 -13"><span class='ocrx_word' id='word_1_330' title='bbox 1244 1322 1334 1366; x_wconf 88' lang='grc'><strong>227,</strong></span> <span class='ocrx_word' id='word_1_331' title='bbox 1358 1327 1447 1366; x_wconf 85' lang='grc'><strong>242,</strong></span> <span class='ocrx_word' id='word_1_332' title='bbox 1471 1326 1561 1366; x_wconf 85' lang='grc'><strong>252,</strong></span> <span class='ocrx_word' id='word_1_333' title='bbox 1586 1327 1676 1366; x_wconf 80' lang='lat'><strong>253.</strong></span> 
     </span>
    </p>
   </div>
   <div class='ocr_carea' id='block_1_16' title="bbox 1187 1370 1974 1420">
    <p class='ocr_par' dir='ltr' id='par_1_21' title="bbox 1187 1370 1974 1420">
     <span class='ocr_line' id='line_1_65' title="bbox 1187 1370 1974 1420; baseline 0.005 -13"><span class='ocrx_word' id='word_1_334' title='bbox 1187 1370 1326 1415; x_wconf 88' lang='lat' dir='ltr'>Iunius,</span> <span class='ocrx_word' id='word_1_335' title='bbox 1347 1371 1395 1408; x_wconf 88' lang='lat' dir='ltr'>D.</span> <span class='ocrx_word' id='word_1_336' title='bbox 1413 1372 1562 1416; x_wconf 88' lang='lat' dir='ltr'>Brutus,</span> <span class='ocrx_word' id='word_1_337' title='bbox 1582 1379 1667 1420; x_wconf 90' lang='lat' dir='ltr'>post</span> <span class='ocrx_word' id='word_1_338' title='bbox 1687 1372 1855 1412; x_wconf 86' lang='lat' dir='ltr'>Caesaris</span> <span class='ocrx_word' id='word_1_339' title='bbox 1872 1385 1974 1411; x_wconf 89' lang='lat' dir='ltr'>mor-</span> 
     </span>
    </p>
   </div>
   <div class='ocr_carea' id='block_1_17' title="bbox 1241 1425 1974 1692">
    <p class='ocr_par' dir='ltr' id='par_1_22' title="bbox 1241 1425 1974 1692">
     <span class='ocr_line' id='line_1_66' title="bbox 1241 1425 1973 1474; baseline 0.007 -12"><span class='ocrx_word' id='word_1_340' title='bbox 1241 1431 1318 1463; x_wconf 83' lang='lat' dir='ltr'>tem</span> <span class='ocrx_word' id='word_1_341' title='bbox 1357 1425 1567 1463; x_wconf 91' lang='lat' dir='ltr'>cedendum</span> <span class='ocrx_word' id='word_1_342' title='bbox 1608 1438 1657 1464; x_wconf 85' lang='lat' dir='ltr'>ex</span> <span class='ocrx_word' id='word_1_343' title='bbox 1695 1427 1803 1465; x_wconf 86' lang='lat' dir='ltr'>Italia</span> <span class='ocrx_word' id='word_1_344' title='bbox 1835 1435 1973 1474; x_wconf 89' lang='lat' dir='ltr'>censet,</span> 
     </span>
     <span class='ocr_line' id='line_1_67' title="bbox 1245 1479 1972 1523; baseline 0.006 -7"><span class='ocrx_word' id='word_1_345' title='bbox 1245 1489 1343 1523; x_wconf 82' lang='lat'><em>2223</em></span> <span class='ocrx_word' id='word_1_346' title='bbox 1388 1479 1534 1517; x_wconf 88' lang='lat' dir='ltr'>Galliae</span> <span class='ocrx_word' id='word_1_347' title='bbox 1563 1480 1745 1519; x_wconf 88' lang='lat' dir='ltr'>citerioris</span> <span class='ocrx_word' id='word_1_348' title='bbox 1773 1489 1897 1520; x_wconf 90' lang='lat' dir='ltr'>rector</span> <span class='ocrx_word' id='word_1_349' title='bbox 1934 1483 1972 1520; x_wconf 91' lang='lat' dir='ltr'>in</span> 
     </span>
     <span class='ocr_line' id='line_1_68' title="bbox 1241 1533 1973 1585; baseline 0.005 -15"><span class='ocrx_word' id='word_1_350' title='bbox 1241 1533 1430 1582; x_wconf 90' lang='lat' dir='ltr'>Inalpinos</span> <span class='ocrx_word' id='word_1_351' title='bbox 1475 1536 1611 1585; x_wconf 88' lang='lat' dir='ltr'>pergit,</span> <span class='ocrx_word' id='word_1_352' title='bbox 1657 1544 1759 1585; x_wconf 82' lang='lat'><strong>2453</strong></span> <span class='ocrx_word' id='word_1_353' title='bbox 1815 1537 1973 1585; x_wconf 90' lang='lat' dir='ltr'>populus</span> 
     </span>
     <span class='ocr_line' id='line_1_69' title="bbox 1243 1588 1974 1639; baseline 0.007 -15"><span class='ocrx_word' id='word_1_354' title='bbox 1243 1588 1439 1625; x_wconf 89' lang='lat' dir='ltr'>Romanus</span> <span class='ocrx_word' id='word_1_355' title='bbox 1467 1589 1594 1626; x_wconf 87' lang='lat' dir='ltr'>omnia</span> <span class='ocrx_word' id='word_1_356' title='bbox 1620 1589 1667 1626; x_wconf 90' lang='lat' dir='ltr'>ab</span> <span class='ocrx_word' id='word_1_357' title='bbox 1693 1602 1740 1627; x_wconf 92' lang='lat' dir='ltr'>eo</span> <span class='ocrx_word' id='word_1_358' title='bbox 1767 1598 1974 1639; x_wconf 86' lang='lat' dir='ltr'>exspectat,</span> 
     </span>
     <span class='ocr_line' id='line_1_70' title="bbox 1245 1641 1974 1692; baseline 0.005 -13"><span class='ocrx_word' id='word_1_359' title='bbox 1245 1641 1347 1691; x_wconf 82' lang='lat'><strong>248;</strong></span> <span class='ocrx_word' id='word_1_360' title='bbox 1390 1644 1609 1691; x_wconf 85' lang='lat' dir='ltr'>praeclarus,</span> <span class='ocrx_word' id='word_1_361' title='bbox 1650 1653 1752 1692; x_wconf 86' lang='lat'><strong>252;</strong></span> <span class='ocrx_word' id='word_1_362' title='bbox 1797 1645 1974 1683; x_wconf 87' lang='lat' dir='ltr'>Mutinae</span> 
     </span>
    </p>
   </div>
   <div class='ocr_carea' id='block_1_18' title="bbox 1239 1696 2040 1911">
    <p class='ocr_par' dir='ltr' id='par_1_23' title="bbox 1239 1696 2040 1911">
     <span class='ocr_line' id='line_1_71' title="bbox 1243 1696 2040 1751; baseline 0.004 -17"><span class='ocrx_word' id='word_1_363' title='bbox 1243 1697 1446 1741; x_wconf 89' lang='lat' dir='ltr'>obsidetur,</span> <span class='ocrx_word' id='word_1_364' title='bbox 1496 1707 1586 1746; x_wconf 82' lang='lat'>253,</span> <span class='ocrx_word' id='word_1_365' title='bbox 1640 1696 1742 1742; x_wconf 88' lang='grc'><strong>262;</strong></span> <span class='ocrx_word' id='word_1_366' title='bbox 1799 1699 1973 1737; x_wconf 84' lang='lat' dir='ltr'>liberatus</span> <span class='ocrx_word' id='word_1_367' title='bbox 2033 1725 2040 1751; x_wconf 46' lang='grc' dir='ltr'><strong>ς</strong></span> 
     </span>
     <span class='ocr_line' id='line_1_72' title="bbox 1242 1749 2040 1803; baseline 0.008 -16"><span class='ocrx_word' id='word_1_368' title='bbox 1242 1751 1452 1788; x_wconf 85' lang='lat' dir='ltr'>Antonium</span> <span class='ocrx_word' id='word_1_369' title='bbox 1499 1752 1678 1801; x_wconf 89' lang='lat' dir='ltr'>sequitur,</span> <span class='ocrx_word' id='word_1_370' title='bbox 1729 1749 1818 1803; x_wconf 89' lang='grc'><strong>264,</strong></span> <span class='ocrx_word' id='word_1_371' title='bbox 1871 1751 1972 1803; x_wconf 83' lang='grc'><strong>265;</strong></span> <span class='ocrx_word' id='word_1_372' title='bbox 2037 1780 2040 1793; x_wconf 79' lang='grc'>;</span> 
     </span>
     <span class='ocr_line' id='line_1_73' title="bbox 1239 1802 2040 1855; baseline 0.007 -14"><span class='ocrx_word' id='word_1_373' title='bbox 1239 1805 1448 1853; x_wconf 87' lang='lat' dir='ltr'>Eporediae</span> <span class='ocrx_word' id='word_1_374' title='bbox 1481 1814 1600 1843; x_wconf 89' lang='lat' dir='ltr'>castra</span> <span class='ocrx_word' id='word_1_375' title='bbox 1633 1807 1755 1854; x_wconf 90' lang='lat' dir='ltr'>ponit,</span> <span class='ocrx_word' id='word_1_376' title='bbox 1789 1816 1888 1855; x_wconf 85' lang='lat'><em>272;</em></span> <span class='ocrx_word' id='word_1_377' title='bbox 1922 1809 1972 1847; x_wconf 88' lang='lat' dir='ltr'>de</span> <span class='ocrx_word' id='word_1_378' title='bbox 2034 1802 2040 1834; x_wconf 65' lang='grc' dir='ltr'>ἶ</span> 
     </span>
     <span class='ocr_line' id='line_1_74' title="bbox 1244 1860 2040 1911; baseline 0.005 -15"><span class='ocrx_word' id='word_1_379' title='bbox 1244 1861 1349 1897; x_wconf 83' lang='lat' dir='ltr'>rebus</span> <span class='ocrx_word' id='word_1_380' title='bbox 1382 1860 1495 1911; x_wconf 88' lang='lat' dir='ltr'>gestis</span> <span class='ocrx_word' id='word_1_381' title='bbox 1525 1861 1600 1898; x_wconf 88' lang='lat' dir='ltr'>suis</span> <span class='ocrx_word' id='word_1_382' title='bbox 1629 1860 1851 1898; x_wconf 89' lang='lat' dir='ltr'>Ciceronem</span> <span class='ocrx_word' id='word_1_383' title='bbox 1883 1862 1974 1900; x_wconf 89' lang='lat' dir='ltr'>facit</span> <span class='ocrx_word' id='word_1_384' title='bbox 2038 1883 2040 1886; x_wconf 84' lang='lat'><em>.</em></span> 
     </span>
    </p>
   </div>
   <div class='ocr_carea' id='block_1_19' title="bbox 1243 1914 1973 1967">
    <p class='ocr_par' dir='ltr' id='par_1_24' title="bbox 1243 1914 1973 1967">
     <span class='ocr_line' id='line_1_75' title="bbox 1243 1914 1973 1967; baseline 0.001 -16"><span class='ocrx_word' id='word_1_385' title='bbox 1243 1914 1454 1958; x_wconf 88' lang='lat' dir='ltr'>certiorem,</span> <span class='ocrx_word' id='word_1_386' title='bbox 1478 1921 1580 1964; x_wconf 72' lang='grc' dir='ltr'><strong>27δέ</strong></span> <span class='ocrx_word' id='word_1_387' title='bbox 1618 1915 1697 1953; x_wconf 85' lang='lat' dir='ltr'>eius</span> <span class='ocrx_word' id='word_1_388' title='bbox 1717 1915 1859 1964; x_wconf 92' lang='lat' dir='ltr'>copiae,</span> <span class='ocrx_word' id='word_1_389' title='bbox 1885 1923 1973 1967; x_wconf 88' lang='lat'><em>279.</em></span> 
     </span>
    </p>
   </div>
   <div class='ocr_carea' id='block_1_20' title="bbox 1190 1967 1975 2074">
    <p class='ocr_par' dir='ltr' id='par_1_25' title="bbox 1190 1967 1975 2074">
     <span class='ocr_line' id='line_1_76' title="bbox 1190 1967 1910 2020; baseline 0.007 -17"><span class='ocrx_word' id='word_1_390' title='bbox 1190 1991 1239 1998; x_wconf 94' lang='lat'>—</span> <span class='ocrx_word' id='word_1_391' title='bbox 1261 1967 1304 2006; x_wconf 91' lang='lat' dir='ltr'>L.</span> <span class='ocrx_word' id='word_1_392' title='bbox 1326 1968 1474 2013; x_wconf 90' lang='lat' dir='ltr'>Brutus,</span> <span class='ocrx_word' id='word_1_393' title='bbox 1496 1981 1571 2008; x_wconf 91' lang='lat' dir='ltr'>cos.</span> <span class='ocrx_word' id='word_1_394' title='bbox 1593 1979 1669 2019; x_wconf 82' lang='lat'>245</span> <span class='ocrx_word' id='word_1_395' title='bbox 1691 1981 1824 2015; x_wconf 75' lang='grc' dir='ltr'><strong>Α.υ.0.,</strong></span> <span class='ocrx_word' id='word_1_396' title='bbox 1845 1981 1910 2020; x_wconf 84' lang='grc'><strong>34.</strong></span> 
     </span>
     <span class='ocr_line' id='line_1_77' title="bbox 1196 2022 1975 2074; baseline 0.009 -16"><span class='ocrx_word' id='word_1_397' title='bbox 1196 2043 1242 2049; x_wconf 51' lang='grc' dir='ltr'>ω·</span> <span class='ocrx_word' id='word_1_398' title='bbox 1262 2022 1320 2059; x_wconf 92' lang='grc' dir='ltr'>Μ.</span> <span class='ocrx_word' id='word_1_399' title='bbox 1350 2023 1487 2061; x_wconf 88' lang='lat' dir='ltr'>Brutus</span> <span class='ocrx_word' id='word_1_400' title='bbox 1531 2035 1595 2072; x_wconf 91' lang='lat' dir='ltr'>per</span> <span class='ocrx_word' id='word_1_401' title='bbox 1639 2024 1884 2074; x_wconf 86' lang='lat' dir='ltr'>adoptionem</span> <span class='ocrx_word' id='word_1_402' title='bbox 1923 2025 1975 2072; x_wconf 92' lang='lat' dir='ltr'>Q.</span> 
     </span>
    </p>
   </div>
   <div class='ocr_carea' id='block_1_21' title="bbox 1242 2076 1976 2835">
    <p class='ocr_par' dir='ltr' id='par_1_26' title="bbox 1242 2076 1976 2835">
     <span class='ocr_line' id='line_1_78' title="bbox 1242 2076 1975 2126; baseline 0.005 -12"><span class='ocrx_word' id='word_1_403' title='bbox 1242 2076 1413 2115; x_wconf 89' lang='lat' dir='ltr'>Servilius</span> <span class='ocrx_word' id='word_1_404' title='bbox 1469 2077 1626 2126; x_wconf 90' lang='lat' dir='ltr'>Caepio,</span> <span class='ocrx_word' id='word_1_405' title='bbox 1681 2079 1899 2118; x_wconf 88' lang='lat' dir='ltr'>nominatus</span> <span class='ocrx_word' id='word_1_406' title='bbox 1952 2092 1975 2118; x_wconf 87' lang='lat' dir='ltr'>a</span> 
     </span>
     <span class='ocr_line' id='line_1_79' title="bbox 1243 2130 1975 2182; baseline 0.008 -15"><span class='ocrx_word' id='word_1_407' title='bbox 1243 2130 1387 2177; x_wconf 85' lang='lat' dir='ltr'>Vettio,</span> <span class='ocrx_word' id='word_1_408' title='bbox 1421 2141 1495 2180; x_wconf 80' lang='lat'>33;</span> <span class='ocrx_word' id='word_1_409' title='bbox 1540 2132 1619 2170; x_wconf 93' lang='lat' dir='ltr'>eius</span> <span class='ocrx_word' id='word_1_410' title='bbox 1657 2133 1828 2181; x_wconf 86' lang='lat' dir='ltr'>avaritia,</span> <span class='ocrx_word' id='word_1_411' title='bbox 1871 2144 1975 2182; x_wconf 90' lang='lat'><strong>105-</strong></span> 
     </span>
     <span class='ocr_line' id='line_1_80' title="bbox 1249 2186 1973 2235; baseline 0.006 -13"><span class='ocrx_word' id='word_1_412' title='bbox 1249 2191 1341 2234; x_wconf 84' lang='lat'>107;</span> <span class='ocrx_word' id='word_1_413' title='bbox 1368 2194 1572 2235; x_wconf 82' lang='lat'>112-1143</span> <span class='ocrx_word' id='word_1_414' title='bbox 1595 2186 1730 2224; x_wconf 89' lang='lat' dir='ltr'>Cicero</span> <span class='ocrx_word' id='word_1_415' title='bbox 1749 2200 1838 2225; x_wconf 87' lang='lat' dir='ltr'>eum</span> <span class='ocrx_word' id='word_1_416' title='bbox 1857 2196 1973 2234; x_wconf 90' lang='lat' dir='ltr'>amat,</span> 
     </span>
     <span class='ocr_line' id='line_1_81' title="bbox 1249 2239 1975 2291; baseline 0.007 -15"><span class='ocrx_word' id='word_1_417' title='bbox 1249 2239 1336 2283; x_wconf 90' lang='grc'><strong>108,</strong></span> <span class='ocrx_word' id='word_1_418' title='bbox 1369 2249 1471 2289; x_wconf 86' lang='grc'><strong>114;</strong></span> <span class='ocrx_word' id='word_1_419' title='bbox 1511 2239 1635 2278; x_wconf 90' lang='lat' dir='ltr'>Gallia</span> <span class='ocrx_word' id='word_1_420' title='bbox 1671 2241 1833 2279; x_wconf 86' lang='lat' dir='ltr'>citeriori</span> <span class='ocrx_word' id='word_1_421' title='bbox 1868 2255 1975 2291; x_wconf 90' lang='lat' dir='ltr'>prae-</span> 
     </span>
     <span class='ocr_line' id='line_1_82' title="bbox 1243 2294 1975 2347; baseline 0.008 -18"><span class='ocrx_word' id='word_1_422' title='bbox 1243 2294 1362 2331; x_wconf 84' lang='lat' dir='ltr'>fectus</span> <span class='ocrx_word' id='word_1_423' title='bbox 1391 2306 1412 2330; x_wconf 89' lang='lat' dir='ltr'>a</span> <span class='ocrx_word' id='word_1_424' title='bbox 1442 2294 1615 2339; x_wconf 90' lang='lat' dir='ltr'>Caesare,</span> <span class='ocrx_word' id='word_1_425' title='bbox 1643 2294 1731 2347; x_wconf 93' lang='lat'>198,</span> <span class='ocrx_word' id='word_1_426' title='bbox 1763 2306 1866 2342; x_wconf 84' lang='lat'><strong>2023</strong></span> <span class='ocrx_word' id='word_1_427' title='bbox 1897 2298 1975 2335; x_wconf 91' lang='lat' dir='ltr'>eius</span> 
     </span>
     <span class='ocr_line' id='line_1_83' title="bbox 1242 2348 1976 2401; baseline 0.007 -16"><span class='ocrx_word' id='word_1_428' title='bbox 1242 2348 1412 2396; x_wconf 89' lang='lat' dir='ltr'>epistola,</span> <span class='ocrx_word' id='word_1_429' title='bbox 1433 2348 1480 2386; x_wconf 94' lang='lat' dir='ltr'>de</span> <span class='ocrx_word' id='word_1_430' title='bbox 1500 2349 1739 2396; x_wconf 89' lang='lat' dir='ltr'>Catilinariis,</span> <span class='ocrx_word' id='word_1_431' title='bbox 1765 2360 1839 2400; x_wconf 84' lang='lat'>205</span> <span class='ocrx_word' id='word_1_432' title='bbox 1858 2364 1867 2396; x_wconf 88' lang='grc'><strong>;</strong></span> <span class='ocrx_word' id='word_1_433' title='bbox 1907 2365 1976 2401; x_wconf 87' lang='lat' dir='ltr'>pro</span> 
     </span>
     <span class='ocr_line' id='line_1_84' title="bbox 1242 2402 1974 2452; baseline 0.01 -14"><span class='ocrx_word' id='word_1_434' title='bbox 1242 2402 1426 2439; x_wconf 90' lang='lat' dir='ltr'>Deiotaro</span> <span class='ocrx_word' id='word_1_435' title='bbox 1451 2403 1593 2441; x_wconf 92' lang='lat' dir='ltr'>Niceae</span> <span class='ocrx_word' id='word_1_436' title='bbox 1619 2405 1722 2449; x_wconf 90' lang='lat' dir='ltr'>dicit,</span> <span class='ocrx_word' id='word_1_437' title='bbox 1746 2416 1848 2452; x_wconf 77' lang='lat'><strong>2203</strong></span> <span class='ocrx_word' id='word_1_438' title='bbox 1879 2407 1974 2445; x_wconf 86' lang='lat' dir='ltr'>Cae·</span> 
     </span>
     <span class='ocr_line' id='line_1_85' title="bbox 1242 2457 1973 2506; baseline 0.008 -13"><span class='ocrx_word' id='word_1_439' title='bbox 1242 2457 1330 2494; x_wconf 87' lang='lat' dir='ltr'>saris</span> <span class='ocrx_word' id='word_1_440' title='bbox 1359 2457 1406 2495; x_wconf 93' lang='lat' dir='ltr'>de</span> <span class='ocrx_word' id='word_1_441' title='bbox 1433 2469 1481 2494; x_wconf 92' lang='lat' dir='ltr'>eo</span> <span class='ocrx_word' id='word_1_442' title='bbox 1509 2458 1664 2506; x_wconf 89' lang='lat' dir='ltr'>dictum,</span> <span class='ocrx_word' id='word_1_443' title='bbox 1699 2469 1798 2505; x_wconf 82' lang='lat'><strong>2203</strong></span> <span class='ocrx_word' id='word_1_444' title='bbox 1830 2460 1973 2499; x_wconf 79' lang='lat' dir='ltr'>Matius</span> 
     </span>
     <span class='ocr_line' id='line_1_86' title="bbox 1243 2511 1974 2558; baseline 0.008 -11"><span class='ocrx_word' id='word_1_445' title='bbox 1243 2511 1322 2548; x_wconf 92' lang='lat' dir='ltr'>eius</span> <span class='ocrx_word' id='word_1_446' title='bbox 1358 2512 1645 2557; x_wconf 88' lang='lat' dir='ltr'>inimicissimus,</span> <span class='ocrx_word' id='word_1_447' title='bbox 1687 2524 1790 2558; x_wconf 88' lang='grc'><strong>221;</strong></span> <span class='ocrx_word' id='word_1_448' title='bbox 1839 2515 1974 2553; x_wconf 89' lang='lat' dir='ltr'>Cicero</span> 
     </span>
     <span class='ocr_line' id='line_1_87' title="bbox 1242 2567 1975 2615; baseline 0.008 -13"><span class='ocrx_word' id='word_1_449' title='bbox 1242 2576 1387 2614; x_wconf 89' lang='lat' dir='ltr'>semper</span> <span class='ocrx_word' id='word_1_450' title='bbox 1406 2578 1494 2603; x_wconf 90' lang='lat' dir='ltr'>eum</span> <span class='ocrx_word' id='word_1_451' title='bbox 1515 2567 1670 2615; x_wconf 87' lang='lat' dir='ltr'>amavit,</span> <span class='ocrx_word' id='word_1_452' title='bbox 1699 2567 1798 2613; x_wconf 89' lang='grc'><strong>228;</strong></span> <span class='ocrx_word' id='word_1_453' title='bbox 1827 2569 1975 2608; x_wconf 85' lang='lat' dir='ltr'>litterae</span> 
     </span>
     <span class='ocr_line' id='line_1_88' title="bbox 1244 2620 1972 2674; baseline 0.008 -18"><span class='ocrx_word' id='word_1_454' title='bbox 1244 2626 1283 2657; x_wconf 90' lang='lat' dir='ltr'>et</span> <span class='ocrx_word' id='word_1_455' title='bbox 1308 2620 1474 2659; x_wconf 89' lang='lat' dir='ltr'>edictum</span> <span class='ocrx_word' id='word_1_456' title='bbox 1502 2621 1579 2659; x_wconf 91' lang='lat' dir='ltr'>eius</span> <span class='ocrx_word' id='word_1_457' title='bbox 1605 2629 1643 2659; x_wconf 90' lang='lat' dir='ltr'>et</span> <span class='ocrx_word' id='word_1_458' title='bbox 1664 2623 1708 2660; x_wconf 92' lang='lat' dir='ltr'>C.</span> <span class='ocrx_word' id='word_1_459' title='bbox 1730 2623 1859 2669; x_wconf 88' lang='lat' dir='ltr'>Cassii,</span> <span class='ocrx_word' id='word_1_460' title='bbox 1882 2636 1972 2674; x_wconf 82' lang='lat'>237,</span> 
     </span>
     <span class='ocr_line' id='line_1_89' title="bbox 1250 2673 1972 2722; baseline 0.008 -11"><span class='ocrx_word' id='word_1_461' title='bbox 1250 2673 1347 2722; x_wconf 80' lang='lat'>2383</span> <span class='ocrx_word' id='word_1_462' title='bbox 1382 2687 1468 2712; x_wconf 89' lang='lat' dir='ltr'>cum</span> <span class='ocrx_word' id='word_1_463' title='bbox 1497 2675 1678 2713; x_wconf 88' lang='lat' dir='ltr'>Cicerone</span> <span class='ocrx_word' id='word_1_464' title='bbox 1703 2677 1832 2716; x_wconf 91' lang='lat' dir='ltr'>Veliae</span> <span class='ocrx_word' id='word_1_465' title='bbox 1858 2680 1972 2716; x_wconf 90' lang='lat' dir='ltr'>collo·</span> 
     </span>
     <span class='ocr_line' id='line_1_90' title="bbox 1246 2729 1973 2782; baseline 0.006 -15"><span class='ocrx_word' id='word_1_466' title='bbox 1246 2729 1381 2776; x_wconf 85' lang='lat' dir='ltr'>quitur,</span> <span class='ocrx_word' id='word_1_467' title='bbox 1404 2739 1505 2780; x_wconf 72' lang='lat'>2393</span> <span class='ocrx_word' id='word_1_468' title='bbox 1538 2730 1575 2767; x_wconf 88' lang='lat' dir='ltr'>in</span> <span class='ocrx_word' id='word_1_469' title='bbox 1597 2731 1822 2769; x_wconf 82' lang='lat' dir='ltr'>Macedonia</span> <span class='ocrx_word' id='word_1_470' title='bbox 1849 2735 1973 2782; x_wconf 88' lang='lat' dir='ltr'>copias</span> 
     </span>
     <span class='ocr_line' id='line_1_91' title="bbox 1244 2791 1590 2835; baseline 0.014 -17"><span class='ocrx_word' id='word_1_471' title='bbox 1244 2791 1361 2834; x_wconf 85' lang='lat' dir='ltr'>parat,</span> <span class='ocrx_word' id='word_1_472' title='bbox 1387 2792 1476 2832; x_wconf 85' lang='lat'>251,</span> <span class='ocrx_word' id='word_1_473' title='bbox 1500 2793 1590 2835; x_wconf 84' lang='lat'><strong><em>253.</em></strong></span> 
     </span>
    </p>
   </div>
  </div>
 </body>
</html>
