2040 3048
347 131 448 183 166
797 144 859 181 M.
905 142 1102 181 TULLII
1139 143 1452 182 CICERONIS
1716 144 1832 216 [Pars
1855 157 1926 199 111,

341 272 471 322 Nam
490 273 622 337 Quod
649 289 793 337 rogas
817 281 869 321 ut
893 274 1147 336 respiciam
1171 289 1403 336 generum
1429 289 1605 331 meum,
1633 272 1913 322 adulescen-

341 364 439 405 tem
469 358 706 420 optimum
741 355 950 420 mihique
985 357 1297 415 carissimum,
1328 372 1390 404 an
1426 356 1627 414 dubitas,
1659 355 1741 418 qui
1773 355 1911 413 sciaS‚

339 440 505 500 quanti
543 454 654 486 cum
690 438 822 485 illum
859 447 960 486 tum
990 454 1102 486 vero
1129 437 1341 486 Tulliam
1378 453 1538 485 meam
1575 436 1763 494 faciam,
1793 436 1910 500 quin

339 537 397 568 ea
430 537 509 568 me
546 536 659 569 cura
683 521 1103 569 vehementissime
1138 521 1388 569 sollicitet?
1425 528 1471 567 et
1497 535 1556 567 eo
1580 518 1750 581 magis,
1776 519 1910 582 quod

337 602 385 648 in
428 603 770 652 communibus
812 603 1018 652 miseriis
1058 603 1149 651 hac
1185 612 1347 651 tamen
1387 603 1663 650 oblectabar
1700 601 1908 665 specula,

335 685 640 734 Dolabellam
664 701 827 734 meum
847 685 920 733 vel
940 686 1101 749 potius
1126 694 1345 734 nostrum
1366 685 1469 733 fore
1495 684 1555 732 ab
1579 684 1635 731 iis
1660 683 1906 741 molestiis,

336 783 457 830 quas
476 767 753 816 liberalitate
779 783 866 816 sua
891 777 1210 826 contraxerat,
1229 763 1444 815 liberum.
1510 766 1670 814 Velim
1689 780 1907 829 quaeras,

335 865 460 912 quos
485 849 561 898 ille
588 851 690 898 dies
716 850 1008 908 sustinuerit,
1033 851 1083 897 in
1106 851 1223 898 urbe
1258 851 1374 897 dum
1398 850 1500 907 fuit,
1526 864 1674 911 quam
1707 849 1908 896 acerbos

337 933 440 989 sibi,
484 947 631 994 quam
678 932 795 979 mihi
836 933 927 994 ipsi
971 947 1142 980 socero
1189 947 1291 979 non
1333 931 1581 979 honestos.
1654 932 1699 977 6.
1737 930 1906 993 Itaque

334 1029 491 1077 neque
528 1029 622 1076 ego
651 1013 781 1062 hunc
816 1013 1195 1076 Hispaniensem
1233 1028 1400 1061 casum
1435 1021 1681 1075 exspecto,
1716 1011 1776 1060 de
1807 1025 1905 1075 quo

333 1096 450 1142 mihi
485 1096 788 1159 exploratum
824 1104 897 1143 est
931 1096 997 1143 ita
1032 1111 1154 1153 esse,
1188 1104 1239 1142 ut
1273 1104 1325 1142 tu
1361 1096 1540 1153 scribis,
1578 1109 1735 1156 neque
1773 1095 1903 1156 quic-

334 1194 480 1241 quam
514 1186 669 1227 astute
703 1179 893 1241 cogito:
931 1179 970 1226 si
1003 1178 1201 1241 quando
1237 1178 1324 1225 erit
1359 1178 1538 1236 civitas,
1563 1178 1652 1224 erit
1687 1174 1904 1239 profecto

332 1258 473 1305 nobis
497 1246 661 1316 locus3
699 1258 773 1305 sin
798 1265 960 1305 autem
984 1272 1085 1304 non
1111 1258 1210 1316 erit,
1236 1257 1285 1303 in
1318 1256 1515 1304 easdem
1548 1254 1831 1304 solitudines
1853 1262 1904 1302 tu

332 1339 448 1401 ipse,
474 1348 525 1387 ut
558 1340 775 1398 arbitror,
799 1339 979 1398 venies,
1004 1339 1055 1385 in
1081 1339 1255 1402 quibus
1286 1354 1378 1387 nos
1409 1338 1690 1386 consedisse
1723 1335 1903 1385 audies.

335 1421 432 1469 Sed
464 1437 558 1485 ego
583 1421 786 1470 fortasse
817 1422 1048 1470 vaticinor
1079 1429 1128 1469 et
1155 1421 1276 1469 haec
1309 1422 1476 1468 omnia
1507 1421 1731 1468 meliores
1754 1419 1902 1468 habe·

331 1505 451 1551 bunt
498 1504 685 1552 exitus:
737 1503 964 1552 recordor
1010 1503 1140 1551 enim
1188 1503 1548 1566 desperationes
1596 1517 1778 1561 eorum,
1820 1503 1902 1565 qui

332 1600 476 1633 senes
500 1594 637 1633 erant
661 1585 970 1634 adulescente
994 1601 1102 1646 me;
1139 1601 1225 1634 eos
1250 1601 1343 1649 ego
1362 1586 1564 1634 fortasse
1589 1601 1720 1634 nunc
1743 1585 1903 1634 imitor

331 1676 377 1714 et
402 1675 511 1715 utor
535 1668 703 1716 aetatis
728 1669 854 1716 vitio.
930 1679 973 1730 7.
998 1669 1159 1716 Velim
1190 1669 1256 1717 ita
1288 1670 1360 1718 sit.
1434 1669 1530 1717 Sed
1562 1670 1754 1718 tamen!
1790 1705 1802 1718 .
1836 1706 1849 1718 .
1888 1705 1900 1718 .

329 1756 496 1811 togam
543 1758 842 1812 praetextam
895 1751 992 1798 texi
1039 1750 1204 1814 Oppio
1247 1759 1366 1814 puto
1413 1760 1460 1799 te
1506 1752 1696 1800 audisse
1712 1767 1728 1812 ς
1787 1767 1900 1800 nam

332 1831 526 1879 Curtius
551 1839 715 1880 noster
739 1832 1001 1895 dibaphum
1037 1834 1233 1896 cogitat,
1259 1833 1347 1881 sed
1380 1849 1492 1881 eum
1516 1833 1719 1882 infector
1743 1849 1902 1883 mora-

330 1921 416 1960 tur.
492 1912 607 1961 Hoc
654 1913 884 1976 adspersi,
925 1922 978 1961 ut
1025 1914 1170 1962 scires
1217 1929 1296 1961 me
1343 1921 1506 1962 tamen
1552 1915 1602 1961 in
1650 1914 1901 1963 stomacho

333 1995 487 2043 solere
512 1995 678 2043 ridere.
752 1994 827 2042 De
851 1995 1120 2054 Dolabella,
1145 1996 1279 2058 quod
1311 1996 1491 2058 scripsi,
1518 1996 1698 2043 suadeo
1723 1996 1899 2052 videas,

330 2086 576 2139 tamquam
613 2077 652 2124 si
686 2084 769 2125 tua
809 2092 886 2125 res
929 2086 1113 2139 agatur.
1184 2078 1469 2125 Extremum
1503 2077 1618 2125 illud
1656 2078 1774 2126 erit:
1810 2093 1900 2126 nos

329 2157 446 2204 nihil
471 2158 778 2216 turbulenter,
798 2157 916 2205 nihil
939 2166 1120 2206 temere
1140 2158 1398 2217 faciemus;
1435 2168 1482 2207 te
1507 2167 1669 2207 tamen
1693 2174 1899 2217 oramus,

331 2239 716 2303 quibuscumque
748 2240 924 2288 erimus
957 2240 1008 2287 in
1035 2241 1184 2299 terris,
1209 2248 1262 2288 ut
1290 2255 1381 2288 nos
1405 2241 1678 2302 liberosque
1709 2250 1900 2291 nostros

333 2322 395 2369 ita
420 2329 597 2381 tueare,
622 2329 674 2369 ut
698 2322 908 2370 amicitia
932 2329 1096 2370 nostra
1120 2330 1167 2370 et
1191 2330 1272 2370 tua
1296 2321 1416 2369 fides
1440 2322 1715 2384 postulabit.

737 2457 811 2501 71.
885 2452 980 2500 AD
1015 2452 1334 2500 ATTICUM
1372 2454 1429 2500 X.
1461 2456 1504 2501 8.

401 2548 506 2597 ScR.
546 2564 594 2596 IN
633 2547 844 2598 CUMANO
881 2566 925 2597 A.
951 2565 994 2597 D.
1035 2564 1097 2596 vr.
1138 2547 1307 2597 NONAs
1344 2549 1507 2598 MArAs
1542 2567 1678 2601 A.U.c.
1719 2563 1828 2614 705.

859 2653 1029 2687 CICERO
1065 2653 1240 2686 ATT1co
1275 2653 1377 2686 SAL.

404 2748 443 2781 1.
478 2733 554 2781 ET
589 2750 664 2782 res
689 2734 794 2796 ipsa
822 2735 1051 2782 monebat
1086 2742 1133 2780 et
1158 2741 1209 2781 tu
1245 2734 1526 2782 ostenderas
1561 2743 1608 2783 et
1644 2751 1738 2798 ego
1771 2735 1896 2786 vide-

331 2815 457 2870 bam,
486 2815 545 2862 de
571 2815 625 2863 iis
662 2816 818 2874 rebus,
846 2830 964 2878 quas
989 2815 1206 2878 intercipi
1231 2816 1552 2878 periculosum
1585 2825 1725 2871 esset.
1750 2817 1895 2867 finem
