2040 3048
167 103 236 155 Ep.
260 92 330 160 5.]
509 103 694 142 EPIST.
726 102 808 143 AD
844 103 1218 143 FAMILIARES
1260 106 1309 146 V.
1342 109 1388 148 2.
1706 107 1734 161 7

166 233 279 282 nihil
325 233 374 281 in
423 249 480 281 ea
527 250 576 282 re
624 250 709 297 per
751 235 987 298 collegam
1029 250 1193 284 meum
1235 250 1313 284 me
1355 235 1587 284 insciente
1633 252 1738 284 esse

166 314 359 363 factum.
436 314 711 364 Recordare
749 324 933 375 cetera;
974 332 1120 379 quam
1158 317 1252 365 cito
1289 325 1509 366 senatum
1547 318 1627 366 illo
1665 319 1740 366 die

166 396 289 445 facta
314 397 560 445 sortitione
585 398 841 460 coegerim,
859 414 1005 461 quam
1030 399 1179 446 multa
1204 399 1264 447 de
1289 407 1335 447 te
1360 400 1505 447 verba
1530 399 1740 459 fecerim,

166 494 277 526 cum
301 486 352 526 tu
376 479 479 541 ipse
504 479 620 526 mihi
647 480 803 528 dixisti
828 483 1098 529 orationem
1122 496 1282 529 meam
1307 496 1408 528 non
1434 481 1592 529 solum
1617 482 1667 529 in
1696 490 1742 529 te

166 559 496 619 honorificam,
534 561 620 609 sed
663 562 806 610 etiam
849 562 899 609 in
942 562 1153 625 collegas
1191 571 1300 610 tuos
1339 563 1741 611 contumeliosam

165 641 326 692 fuisse.
414 657 459 701 4.
514 642 615 692 Iam
666 643 781 691 illud
829 652 1022 693 senatus
1064 644 1352 702 consultum,
1391 645 1524 708 quod
1566 660 1627 693 eo
1666 645 1742 693 die

166 725 345 772 factum
393 731 479 782 est,
523 740 580 772 ea
627 727 972 790 perscriptione
1022 735 1106 785 est,
1145 735 1212 785 ut,
1261 726 1375 774 dum
1424 727 1473 774 id
1521 727 1740 785 exstabit,

165 806 376 854 officium
400 821 564 854 meum
597 807 647 854 in
681 816 727 856 te
759 809 1022 857 obscurum
1059 824 1165 856 esse
1198 823 1299 856 non
1333 809 1496 871 possit.
1569 808 1744 857 Postea

165 903 278 937 vero
302 904 448 951 quam
473 889 721 952 profectus
755 907 820 950 es,
846 891 988 939 velim
1021 892 1288 950 recordere,
1314 905 1439 954 quae
1476 905 1570 954 ego
1603 891 1663 939 de
1696 900 1743 940 te

166 971 214 1018 in
240 978 411 1019 senatu
436 972 633 1034 egerim,
659 988 783 1036 quae
808 973 858 1020 in
883 974 1192 1021 contionibus
1219 972 1434 1032 dixerim,
1461 989 1582 1036 quas
1607 972 1669 1022 ad
1697 981 1744 1020 te

164 1052 342 1101 litteras
383 1054 623 1103 miserim:
666 1070 791 1117 quae
830 1071 942 1103 cum
984 1056 1149 1103 omnia
1187 1056 1449 1118 collegeris,
1491 1063 1594 1103 tum
1641 1057 1743 1118 ipse

166 1135 307 1183 velim
331 1136 529 1195 iudices,
555 1138 732 1185 satisne
757 1137 970 1186 videatur
1002 1138 1075 1186 his
1107 1139 1336 1186 omnibus
1360 1138 1504 1187 rebus
1528 1146 1638 1186 tuus
1662 1137 1745 1185 ad-

166 1225 351 1276 ventus,
377 1233 488 1266 cum
513 1219 735 1281 proxime
767 1219 980 1267 Romam
1005 1219 1188 1278 venisti,
1214 1227 1379 1267 mutue
1415 1220 1743 1282 respondisse.

169 1311 212 1360 5.
239 1299 388 1359 Quod
407 1300 573 1348 scribis
593 1301 652 1348 de
671 1301 976 1349 reconciliata
992 1303 1156 1364 gralia
1176 1310 1355 1360 nostra,
1375 1317 1477 1350 non
1502 1302 1743 1364 intellego,

87 1433 94 1439 ,
167 1398 250 1430 cur
274 1382 626 1430 reconciliatam
652 1398 758 1431 esse
785 1384 931 1442 dicas,
948 1399 1073 1446 quae
1093 1399 1360 1447 numquam
1385 1384 1640 1432 imminuta
1658 1394 1743 1434 est.

168 1466 211 1512 6.
249 1463 399 1523 Quod
425 1465 593 1520 scribis
617 1480 719 1513 non
744 1466 1016 1528 oportuisse
1042 1466 1293 1514 Metellum
1312 1466 1505 1515 fratrem
1523 1474 1659 1514 tuum
1679 1468 1745 1515 ob

167 1546 346 1594 dictum
395 1562 423 1594 a
469 1562 548 1594 me
591 1549 878 1610 oppugnari,
918 1549 1128 1611 primum
1170 1548 1263 1597 hoc
1304 1549 1446 1596 velim
1484 1549 1744 1607 existimes,

167 1628 381 1676 animum
405 1628 523 1675 mihi
547 1629 692 1677 istum
717 1638 853 1677 tuum
877 1629 1186 1678 vehementer
1209 1631 1404 1694 probari
1422 1638 1470 1678 et
1487 1630 1745 1679 fraternam

166 1710 360 1773 plenam
382 1709 693 1759 humanitatis
718 1727 774 1759 ac
798 1713 987 1774 pietatis
1012 1712 1334 1772 voluntatem3
1373 1712 1562 1771 deinde,
1588 1713 1626 1762 si
1651 1729 1746 1777 qua

167 1807 260 1855 ego
286 1792 336 1839 in
364 1807 415 1839 re
445 1792 576 1840 fratri
608 1800 691 1840 tuo
723 1793 791 1841 rei
822 1793 1043 1856 publicae
1074 1809 1220 1842 causa
1252 1794 1516 1853 restiterim,
1542 1802 1595 1842 ut
1628 1794 1744 1842 mihi

167 1875 419 1935 ignoscas;
456 1882 558 1921 tam
594 1875 724 1922 enirn
761 1890 869 1923 sum
907 1876 1090 1924 amicus
1122 1876 1189 1924 rei
1222 1876 1458 1939 publicae,
1483 1891 1631 1940 quam
1664 1878 1745 1939 qui

168 1955 379 2002 maxime
396 1970 409 2014 3
448 1956 487 2002 si
512 1970 625 2004 vero
650 1972 811 2005 meam
837 1957 1040 2005 salutern
1071 1965 1241 2006 contra
1272 1957 1394 2006 illius
1426 1958 1660 2021 impeturn
1695 1959 1745 2006 in

168 2052 246 2084 me
272 2036 657 2085 crudelissimum
682 2037 995 2097 defenderim,
1017 2039 1130 2087 satis
1155 2039 1336 2088 habeas
1362 2040 1481 2088 nihil
1505 2056 1583 2088 me
1602 2041 1746 2089 etiam

169 2126 329 2166 tecum
378 2119 438 2166 de
487 2119 555 2166 tui
596 2118 753 2168 fratris
793 2121 964 2168 iniuria
1007 2121 1266 2184 conqueri:
1309 2136 1455 2184 quem
1497 2136 1591 2185 ego
1635 2137 1746 2170 cum

171 2203 516 2265 comperissem
563 2218 762 2251 omnem
806 2204 879 2252 sui
920 2204 1187 2253 tribunatus
1229 2214 1460 2253 conatum
1499 2205 1550 2253 in
1588 2221 1748 2254 meam

170 2284 431 2347 perniciem
458 2299 624 2347 parare
661 2292 805 2348 atque
837 2286 1071 2344 meditari,
1098 2286 1176 2348 egi
1208 2300 1320 2334 cum
1356 2286 1573 2345 Claudia,
1599 2302 1750 2335 uxore

174 2376 267 2424 tua,
295 2374 341 2414 et
378 2381 488 2414 cum
513 2374 667 2414 vestra
703 2381 869 2415 sorore
905 2366 1085 2426 Mucia,
1111 2367 1248 2415 cuius
1280 2383 1396 2430 erga
1428 2384 1506 2416 me
1541 2368 1750 2416 studium

174 2462 262 2510 pro
281 2445 371 2495 Cn.
383 2446 602 2510 Pompeii
617 2448 971 2496 necessitudine
987 2449 1149 2496 multis
1169 2449 1220 2496 in
1238 2449 1380 2497 rebus
1396 2463 1751 2512 perspexeram,

173 2537 226 2576 ut
249 2543 361 2576 eum
386 2529 447 2577 ab
471 2528 549 2576 illa
578 2529 748 2577 iniuria
781 2530 1089 2579 deterrerent.
1163 2542 1205 2591 7·.
1245 2531 1394 2594 Atqui
1428 2531 1518 2590 ille,
1544 2532 1673 2594 quod
1706 2539 1752 2580 te

176 2610 367 2660 audisse
406 2618 537 2659 certo
573 2612 676 2669 scio,
713 2627 783 2674 pr.
826 2610 935 2661 Kal.
970 2611 1234 2671 IanuariaS,
1269 2627 1364 2676 qua
1402 2612 1569 2661 iniuria
1605 2627 1753 2661 nemo

176 2706 408 2754 umquam
473 2693 523 2740 in
586 2693 790 2741 minimo
856 2694 1138 2757 magistratu
1195 2694 1581 2757 improbissimus
1640 2693 1753 2743 civis

178 2773 393 2823 adfectus
427 2783 512 2833 est,
538 2790 596 2823 ea
627 2790 706 2823 me
743 2776 995 2825 consulem
1029 2776 1218 2834 adfecit,
1239 2791 1351 2824 cum
1385 2792 1486 2824 rem
1511 2776 1753 2839 publicam
