2040 3048
309 115 328 152 1
339 98 407 169 38
724 112 786 151 M.
832 113 1032 151 TULLII
1068 114 1378 154 CICERONIS
1664 103 1771 174 [Pars
1798 116 1871 161 111.

304 241 529 291 Gnaeum
562 250 780 291 nostrum
818 245 1204 303 commissurum,
1229 253 1282 293 ut
1317 244 1587 294 Domitium
1621 246 1870 309 relinquat,

299 324 388 372 etsi
447 323 758 372 Brundisium
821 324 1102 387 Scipionem
1165 342 1277 375 cum
1342 327 1620 375 cohortibus
1683 327 1871 376 duabus

298 405 638 466 praemiserat,
656 405 900 467 legionem
938 422 971 453 a
1003 406 1184 456 Fausto
1214 409 1541 470 conscriptam
1574 409 1623 456 in
1657 407 1868 457 Siciliam

298 485 386 532 sibi
422 485 612 547 placere
649 502 678 534 a
713 487 912 535 consule
948 487 1059 536 duci
1095 488 1349 551 scripserat
1390 490 1452 537 ad
1495 489 1747 550 consules;
1767 490 1870 538 -sed

297 573 434 628 turpe
467 566 737 615 Domitium
770 568 926 616 deseri
957 569 1295 631 implorantem
1330 571 1432 619 eius
1469 571 1713 619 auxilium.
1781 569 1871 619 Est

297 648 537 710 quaedam
568 664 693 711 spes,
719 649 1059 712 mihiquidem
1091 665 1190 698 non
1221 666 1416 713 magna,
1443 651 1530 700 sed
1562 653 1611 700 in
1644 652 1718 701 his
1750 651 1869 700 locis

298 729 446 788 firma,
489 730 742 779 Afranium
783 731 834 778 in
874 731 1122 794 Pyrenaeo
1164 748 1276 780 cum
1318 734 1569 782 Trebonio
1610 748 1867 796 pugnasse,

297 810 489 872 pulsum
528 811 846 872 Trebonium,
888 813 1033 860 etiam
1071 812 1275 860 Fabium
1312 821 1447 862 tuum
1489 815 1715 863 transisse
1756 830 1868 862 cum

296 891 592 951 cohortibuS,
623 909 815 942 summa
851 902 1026 953 autem,
1061 894 1314 942 Afranium
1351 911 1463 944 cum
1491 897 1683 959 magnis
1717 897 1868 958 copiis

297 973 579 1023 adventare:
616 975 666 1023 id
703 976 742 1023 si
777 984 861 1034 est,
895 975 944 1022 in
980 975 1119 1024 Italia
1158 975 1362 1025 fortasse
1403 978 1689 1026 manebitur.
1759 977 1869 1040 Ego

297 1064 471 1114 autern,
516 1071 628 1105 cum
676 1065 803 1106 esset
843 1058 1078 1106 incertum
1118 1058 1207 1106 iter
1248 1057 1482 1118 Caesaris,
1521 1059 1655 1122 quod
1692 1059 1765 1107 vel
1808 1059 1868 1106 ad

298 1134 517 1198 Capuam
549 1138 623 1185 vel
659 1138 721 1186 ad
757 1138 1012 1187 Luceriam
1053 1140 1203 1187 iturus
1244 1140 1514 1201 putabatur,
1551 1139 1759 1203 Leptam
1807 1141 1869 1188 ad

297 1216 584 1281 Pompeium
642 1220 752 1267 misi
804 1225 847 1268 et
892 1221 1082 1279 litteras,
1142 1221 1261 1284 ipse,
1321 1237 1384 1270 ne
1410 1238 1414 1242 ’
1438 1236 1537 1284 quo
1590 1222 1867 1280 inciderem,

298 1302 464 1347 reverti
500 1301 734 1350 Formias.
796 1302 935 1351 Haec
959 1310 1006 1350 te
1032 1302 1152 1354 scire
1184 1302 1313 1350 volui
1338 1303 1602 1366 scripsique
1628 1304 1865 1353 sedatiore
1941 1302 1944 1306 ’

296 1382 472 1440 animo,
499 1397 646 1443 quam
673 1383 891 1444 proxime
918 1383 1216 1446 scripseram,
1242 1384 1426 1432 nullum
1449 1400 1614 1433 meum
1638 1386 1868 1434 iudicium

297 1462 625 1525 interponenS,
652 1465 739 1512 sed
763 1465 1020 1527 exquirens
1044 1472 1194 1513 tuum.
1418 1452 1425 1457 ’

650 1606 728 1649 55.
799 1602 894 1649 AD
930 1601 1252 1651 ATTICUM
1288 1602 1428 1651 vm.
1467 1620 1512 1664 9.

300 1694 407 1744 ScR.
434 1711 483 1744 IN
512 1695 770 1746 FORMIANo
808 1714 852 1746 A.
867 1713 912 1745 D.
939 1713 983 1747 v.
1018 1697 1285 1746 KALENDAS
1321 1697 1552 1747 MARms
1588 1713 1724 1747 A.U.c.
1755 1709 1865 1758 705.

826 1801 996 1835 CICERO
1031 1801 1208 1835 ATTICO
1241 1801 1343 1834 SAL.

372 1896 409 1927 1.
447 1870 727 1929 Eprs'roLAM
752 1897 912 1930 meam
932 1882 1064 1945 quod
1084 1882 1412 1944 pervolgatam
1437 1881 1603 1929 scribis
1627 1897 1748 1940 esse,
1768 1899 1868 1931 non

300 1960 400 2009 fero
432 1962 662 2010 moleste:
699 1963 816 2024 quin
849 1964 994 2010 etiam
1025 1964 1129 2025 ipse
1154 1962 1313 2011 multis
1339 1962 1450 2011 dedi
1474 1962 1866 2022 describendam;

298 2057 355 2090 ea
379 2043 509 2091 enim
532 2050 579 2090 et
602 2043 878 2091 acciderunt
902 2045 996 2091 iam
1023 2053 1070 2091 et
1098 2044 1394 2106 impendent,
1418 2051 1469 2091 ut
1500 2052 1726 2092 testatum
1761 2061 1867 2093 esse

298 2124 451 2181 velim,
500 2124 561 2171 de
612 2139 731 2186 pace
779 2124 896 2187 quid
943 2126 1185 2173 senserim.
1269 2124 1397 2189 Cum
1443 2128 1609 2173 autem
1651 2122 1714 2173 ad
1759 2125 1867 2174 eam

299 2204 511 2253 hortarer
535 2221 644 2254 eum
672 2206 951 2268 praesertim
975 2206 1238 2263 hominem,
1258 2221 1359 2253 non
1378 2206 1572 2254 videbar
1595 2207 1691 2254 ullo
1716 2208 1866 2256 modo

297 2285 478 2335 facilius
502 2295 735 2346 moturus,
751 2302 898 2350 quam
923 2288 962 2335 si
985 2286 1049 2345 id,
1068 2288 1200 2349 quod
1225 2302 1336 2335 eum
1359 2287 1586 2345 hortarer,
1611 2290 1867 2338 convenire

299 2370 400 2417 eius
459 2369 720 2432 sapientiae
780 2370 1003 2418 dicerem.
1072 2366 1197 2416 Eam
1244 2368 1283 2416 si
1325 2355 1712 2417 ‘admirabilem’
1755 2371 1866 2428 dixi,

298 2450 527 2513 quoniam
575 2467 686 2500 eum
734 2451 796 2500 ad
843 2451 1044 2499 salutem
1091 2450 1272 2513 patriae
1318 2449 1556 2510 hortabar,
1605 2466 1705 2499 non
1759 2467 1867 2500 sum

299 2533 473 2581 veritus
498 2548 559 2580 ne
583 2533 767 2581 viderer
790 2532 1042 2590 adsentari,
1070 2532 1145 2580 cui
1170 2531 1248 2579 tali
1275 2532 1326 2578 in
1358 2546 1408 2578 re
1444 2532 1662 2581 lubenter
1692 2548 1771 2581 me
1805 2534 1867 2583 ad

300 2613 449 2676 pedes
495 2614 794 2662 abiecissem.
867 2612 980 2673 Qua
1025 2621 1184 2661 autem
1239 2621 1311 2660 est
1359 2613 1567 2675 ‘aliquid
1622 2615 1866 2678 impertias

300 2695 559 2757 temporis,'
591 2710 692 2742 non
728 2703 801 2743 est
837 2696 897 2743 de
933 2710 1066 2758 pace,
1101 2694 1188 2743 sed
1226 2694 1286 2742 de
1321 2710 1398 2742 me
1435 2695 1542 2757 ipso
1579 2704 1625 2743 et
1661 2695 1721 2743 de
1753 2712 1865 2744 meo

302 2776 461 2824 officio
485 2785 536 2824 ut
562 2777 740 2839 aliquid
766 2777 942 2840 cogitet
959 2792 972 2836 ;
998 2792 1110 2825 nam
1130 2776 1260 2839 quod
1281 2777 1506 2824 testificor
1524 2792 1602 2824 me
1621 2785 1867 2840 expertem
