2040 3048
297 131 326 169 2
340 132 401 168 10
760 129 823 167 M.
868 128 1069 167 TULLII
1109 129 1422 168 CICERONIS
1652 118 1767 185 [Pars
1794 127 1867 167 lv.

295 267 460 301 versus
484 252 774 315 navigarem,
801 254 941 316 coepi
970 254 1194 315 regiones
1228 252 1537 301 circumcirca
1565 252 1867 315 prospicere:

296 341 407 396 post
441 349 519 381 me
555 341 655 381 erat
689 334 892 396 Aegina,
929 343 1040 383 ante
1082 350 1161 383 me
1198 335 1415 397 Megara,
1455 334 1626 382 dextra
1661 333 1870 389 PiraeuS‚

297 415 485 462 sinistra
509 414 799 475 Corinthus;
838 431 962 479 quae
992 417 1175 480 oppida
1207 417 1422 479 quodam
1447 423 1666 477 tempore
1694 413 1871 461 floren-

297 496 478 543 tissima
495 495 697 554 fuerunt,
718 512 848 546 nunc
866 506 1103 560 prostrata
1127 507 1174 547 et
1193 498 1350 547 diruta
1374 506 1484 545 ante
1511 495 1681 544 oculos
1699 496 1870 543 iacent.

299 576 454 639 Coepi
488 586 683 639 egomet
715 593 909 626 mecum
945 580 1013 627 sic
1049 580 1288 642 cogitare:
1327 579 1496 626 ‘heml
1534 592 1627 625 nos
1658 576 1872 624 homun-

299 659 393 707 culi
419 659 742 721 indignamur,
768 661 807 708 si
840 661 946 724 quis
981 669 1202 709 nostrum
1237 661 1411 709 interiit
1445 667 1527 708 aut
1561 660 1750 707 occisus
1787 666 1872 716 est,

300 755 508 804 quorum
531 741 626 789 vita
655 742 843 790 brevior
879 758 984 791 esse
1021 743 1177 802 debet,
1204 758 1316 791 cum
1347 757 1447 790 uno
1480 742 1590 789 loco
1625 748 1699 788 tot
1733 739 1874 803 oppi-

303 823 419 878 dum
455 823 688 871 cadavera
722 825 936 886 proiecta
972 825 1160 873 iacent?
1202 825 1337 872 visne
1372 832 1423 871 tu
1458 831 1519 882 te,
1552 823 1702 881 Servi,
1741 821 1874 869 cohi-

301 905 414 951 bere
461 912 509 952 et
555 905 832 953 meminisse
874 905 1123 953 hominem
1170 914 1218 954 te
1265 920 1372 953 esse
1418 902 1646 953 natum?'
1717 904 1876 952 Crede

302 986 433 1045 mihi,
476 987 770 1048 cogitatione
814 1003 872 1035 ea
912 1002 1013 1034 non
1054 986 1360 1034 mediocriter
1401 1001 1508 1034 sum
1550 985 1875 1034 confirmatus.

304 1067 418 1115 Hoc
453 1067 597 1126 idem,
624 1068 664 1115 si
697 1068 782 1115 tibi
806 1068 1006 1125 videtur,
1032 1067 1108 1116 fac
1145 1076 1254 1115 ante
1290 1067 1460 1115 oculos
1492 1067 1578 1114 tibi
1601 1079 1876 1129 proponas:

304 1150 454 1198 modo
487 1165 586 1199 uno
614 1158 833 1214 tempore
866 1159 935 1199 tot
958 1151 1043 1198 viri
1076 1151 1325 1200 clarissimi
1356 1150 1661 1209 interierunt3
1699 1150 1760 1197 de
1789 1150 1878 1196 im-

304 1232 440 1294 perio
476 1232 642 1294 populi
679 1231 889 1279 Romani
925 1239 1058 1280 tanta
1094 1231 1361 1280 deminutio
1401 1231 1527 1279 facta
1569 1239 1668 1290 est;
1705 1245 1878 1279 omnes

304 1313 577 1375 provinciae
613 1321 969 1376 conquassatae
1005 1321 1144 1361 sunt:
1181 1313 1231 1360 in
1255 1312 1398 1361 unius
1431 1312 1740 1360 mulierculae
1775 1312 1878 1359 ani-

305 1395 504 1448 mulasi
528 1395 708 1443 iactura
733 1395 860 1444 facta
895 1404 983 1455 est,
1007 1404 1142 1444 tanto
1179 1411 1327 1458 opere
1364 1395 1718 1444 commoveris?
1754 1410 1878 1457 quae

307 1479 346 1526 si
369 1477 465 1525 hoc
487 1485 704 1540 tempore
729 1492 832 1526 non
856 1477 984 1526 diem
1017 1492 1157 1526 suum
1190 1478 1387 1535 obisset,
1411 1477 1580 1540 paucis
1603 1484 1716 1539 post
1739 1477 1878 1525 annis

305 1567 468 1606 tamen
493 1558 536 1605 ei
561 1558 865 1606 moriendum
891 1558 991 1617 fuit,
1019 1559 1251 1622 quoniam
1275 1558 1425 1606 homo
1458 1566 1572 1606 nata
1595 1557 1761 1606 fuerat.
1834 1569 1877 1618 5.

305 1641 467 1689 Etiam
495 1650 547 1688 tu
582 1642 644 1688 ab
680 1640 812 1688 hisce
846 1642 989 1689 rebus
1026 1642 1243 1689 animum
1278 1656 1336 1689 ac
1368 1641 1712 1703 cogitationem
1747 1648 1878 1688 tuam

308 1738 456 1771 avoca
479 1730 624 1785 atque
648 1737 706 1770 ea
729 1723 890 1785 potius
914 1723 1234 1781 reminiscere,
1254 1737 1378 1785 quae
1403 1722 1550 1784 digna
1573 1730 1655 1769 tua
1671 1737 1882 1784 persona

308 1814 447 1854 sunt:
484 1804 625 1863 illam,
651 1819 799 1867 quam
824 1804 905 1852 diu
937 1805 982 1852 ei
1006 1819 1131 1867 opus
1155 1804 1306 1863 fuerit,
1332 1804 1506 1852 vixisse
1524 1820 1537 1863 3
1573 1818 1672 1851 una
1696 1819 1808 1851 cum
1830 1818 1880 1851 re

308 1886 501 1950 publica
536 1885 712 1944 fuisse;
754 1894 816 1944 te,
858 1894 1046 1948 patrem
1088 1901 1242 1944 suum,
1285 1893 1574 1948 praetorem,
1616 1884 1880 1941 consulem,

309 1983 542 2030 augurem
566 1967 739 2015 vidisse
756 1983 772 2028 3
810 1967 1197 2015 adulescentibus
1220 1966 1457 2029 primariis
1482 1974 1684 2028 nuptam
1706 1965 1853 2014 fuisse
1867 1981 1880 2024 ;

310 2050 537 2097 omnibus
569 2049 712 2096 bonis
745 2064 899 2111 prope
928 2049 1231 2111 perfunctam
1266 2063 1405 2096 esse:
1443 2063 1555 2096 curn
1590 2063 1666 2095 res
1691 2048 1884 2110 publica

311 2131 566 2188 occideret,
592 2130 688 2176 vita
711 2130 990 2178 excessisse.
1063 2129 1196 2187 Quid
1222 2137 1294 2177 est
1318 2128 1451 2190 quod
1475 2137 1527 2175 tu
1558 2136 1641 2175 aut
1663 2128 1742 2176 illa
1771 2143 1883 2176 cum

312 2212 504 2260 fortuna
549 2210 644 2259 hoc
690 2211 889 2258 nomine
936 2211 1071 2273 queri
1118 2209 1348 2273 possitis?
1417 2208 1645 2271 Denique
1692 2209 1791 2257 noli
1836 2217 1883 2256 te

313 2294 528 2342 oblivisci
576 2292 864 2341 Ciceronem
912 2308 1018 2341 esse
1076 2300 1124 2340 et
1170 2307 1297 2351 eum,
1345 2291 1426 2355 qui
1476 2291 1578 2339 aliis
1637 2292 1885 2340 consueris

314 2375 591 2439 praecipere
626 2382 674 2422 et
708 2375 821 2422 dare
857 2374 1124 2432 consilium,
1149 2389 1307 2436 neque
1342 2372 1514 2422 imitari
1547 2372 1701 2421 malos
1736 2373 1885 2421 medi·

315 2473 414 2515 cos,
440 2458 523 2520 qui
546 2456 595 2504 in
619 2456 785 2504 alienis
809 2456 991 2503 morbis
1020 2441 1304 2517 profitentur
1335 2461 1498 2502 tenere
1531 2469 1582 2502 se
1617 2454 1885 2502 medicinae

315 2540 580 2598 scientiam,
609 2539 700 2601 ipsi
735 2554 787 2586 se
823 2553 988 2586 curare
1022 2551 1123 2584 non
1158 2544 1389 2599 possunt3
1429 2535 1515 2584 sed
1549 2535 1723 2598 potius,
1762 2551 1885 2597 quae

315 2620 417 2669 aliis
442 2629 540 2668 tute
566 2621 840 2683 praecipere
878 2619 1018 2677 soles,
1045 2634 1103 2666 ea
1127 2626 1225 2666 tute
1255 2618 1340 2665 tibi
1370 2618 1548 2665 subiice
1582 2625 1725 2679 atque
1756 2616 1886 2678 apud

316 2704 531 2759 animum
556 2717 791 2764 propone.
864 2702 908 2748 6.
946 2700 1117 2747 Nullus
1143 2699 1281 2747 dolor
1305 2707 1390 2757 est,
1407 2714 1554 2761 quem
1579 2713 1678 2746 non
1696 2698 1884 2759 longin-

317 2784 472 2846 quitas
514 2783 746 2845 temporis
790 2782 975 2840 minuat
1006 2795 1072 2837 ac
1113 2780 1327 2839 molliat:
1381 2779 1476 2828 hoc
1517 2787 1564 2827 te
1606 2788 1885 2841 exspectare
