2040 3048
130 99 197 150 Ep.
228 86 321 156 η]
474 96 661 136 Emsr.
701 96 783 135 AD
820 96 1195 137 FAMILIARES
1234 99 1270 137 r.
1313 103 1362 155 9.
1640 99 1704 155 77

125 238 231 270 rum
261 229 422 271 motus
455 228 526 270 est
563 221 715 270 factus
752 237 864 270 cum
899 238 1083 283 eorum,
1109 238 1316 287 quorum
1353 224 1577 286 oportuit,
1604 232 1706 272 tum

125 305 312 352 illorum
337 305 497 363 etiam,
523 317 732 366 quorum
766 318 1034 367 numquam
1058 312 1295 367 putaram.
1372 321 1414 367 9.
1456 303 1586 352 Nam
1612 305 1706 353 hoc

125 395 321 435 senatus
361 385 581 434 consulto
620 386 669 432 in
712 400 873 434 meam
922 387 1211 435 sententiam
1260 386 1386 435 facto
1426 385 1703 449 PompeiuS‚

126 484 238 516 cum
262 466 379 515 mihi
404 466 521 514 nihil
545 467 835 516 ostendisset
861 483 912 517 se
938 483 1045 517 esse
1069 469 1329 529 offensum,
1355 470 1404 516 in
1432 468 1705 516 Sardiniam

124 559 171 600 et
218 552 267 599 in
314 550 529 599 Africam
575 551 820 614 profectus
870 560 943 600 est
990 567 1148 616 eoque
1195 553 1361 601 itinere
1410 551 1596 600 Lucam
1644 552 1706 600 ad

124 634 384 684 Caesarem
411 634 554 682 venit.
627 633 703 681 Ibi
735 633 886 682 multa
911 634 972 682 de
1004 650 1115 683 mea
1148 635 1385 683 sententia
1410 642 1609 697 questus
1633 642 1707 683 est

123 715 318 775 Caesar,
345 715 525 778 quippe
551 714 632 778 qui
658 715 803 763 etiam
830 715 1094 766 Ravennae
1120 715 1351 765 Crassum
1376 724 1488 764 ante
1511 716 1705 764 vidisset

122 800 184 847 ab
209 813 366 862 eoque
390 798 440 845 in
464 813 544 845 me
569 805 695 846 esset
719 798 958 847 incensus.
1036 799 1163 847 Sane
1188 799 1389 847 moleste
1415 798 1702 860 Pompeium

122 880 171 928 id
218 879 337 928 ferre
379 880 659 940 constabat3
715 880 847 944 quod
889 895 997 943 ego,
1042 896 1154 929 cum
1196 880 1439 928 audissem
1481 894 1543 927 ex
1585 879 1701 938 aliis,

122 963 334 1011 maxime
358 977 418 1010 ex
451 977 564 1010 meo
598 961 740 1010 fratre
773 963 997 1025 cognovi.
1070 961 1233 1022 Quem
1260 977 1372 1011 cum
1407 962 1457 1009 in
1485 960 1704 1010 Sardinia

123 1044 385 1108 Pompeius
427 1044 596 1107 paucis
639 1052 751 1107 post
792 1044 973 1104 diebus,
1025 1060 1172 1108 quam
1220 1045 1357 1093 Luca
1404 1044 1704 1102 discesserat,

124 1127 443 1185 convenisset,
469 1125 574 1174 ‘te'
600 1126 755 1189 inquit
791 1127 978 1190 ‘ipsum
1015 1127 1158 1190 cupio
1178 1143 1191 1187 3
1229 1126 1345 1174 nihil
1381 1126 1705 1189 opportunius

123 1209 277 1272 potuit
309 1207 554 1257 accidere:
590 1209 681 1256 nisi
718 1224 830 1256 cum
867 1208 1039 1256 Marco
1070 1209 1213 1257 fratre
1244 1208 1496 1270 diligenter
1532 1207 1702 1269 egeriS,

123 1289 500 1354 dependendum
546 1290 629 1338 tibi
678 1298 763 1348 est,
802 1290 935 1353 quod
971 1290 1089 1338 mihi
1125 1305 1214 1353 pro
1249 1290 1329 1338 illo
1366 1288 1703 1352 spopondisti.'

123 1372 256 1432 Quid
279 1371 462 1420 multa?
498 1379 695 1434 questus
721 1380 793 1420 est
825 1373 1029 1435 graviter
1042 1388 1056 1432 ;
1095 1387 1183 1420 sua
1210 1372 1379 1419 merita
1402 1385 1704 1419 commemo-

122 1455 265 1515 ravit3
303 1453 420 1516 quid
452 1454 629 1516 egisset
663 1454 946 1516 saepissime
971 1454 1031 1502 de
1064 1455 1184 1503 actis
1212 1453 1433 1503 Caesaris
1459 1469 1571 1501 cum
1596 1455 1704 1516 ipso

121 1551 233 1585 meo
257 1535 400 1584 fratre
424 1535 639 1599 quidque
664 1535 755 1583 sibi
779 1535 818 1585 is
845 1535 906 1584 de
930 1551 1010 1584 me
1034 1536 1311 1599 recepisset,
1336 1536 1386 1583 in
1418 1536 1704 1583 memoriam

121 1618 306 1681 redegit
330 1632 491 1681 seque,
517 1632 642 1680 quae
673 1617 733 1666 de
766 1633 877 1666 mea
910 1618 1061 1666 salute
1094 1619 1286 1682 egisset,
1311 1619 1555 1668 voluntate
1582 1618 1703 1667 Cae-

121 1701 237 1749 saris
263 1701 421 1763 egisse
447 1700 606 1762 ipsum
631 1715 796 1748 meum
830 1699 1024 1748 fratrem
1050 1707 1251 1748 testatus
1286 1708 1389 1760 est;
1430 1701 1565 1749 cuius
1591 1716 1702 1748 cau·

122 1798 226 1832 sam
251 1783 633 1846 dignitatemque
667 1782 785 1830 mihi
819 1790 870 1830 ut
903 1783 1287 1841 commendaret,
1314 1784 1499 1846 rogavit
1523 1790 1574 1831 ut
1595 1790 1704 1832 earn

104 1861 185 1914 'ne
221 1881 573 1929 oppugnarem,
612 1866 651 1914 si
695 1866 875 1914 nollem
912 1874 993 1914 aut
1035 1881 1136 1915 non
1177 1882 1376 1930 possem
1418 1867 1551 1915 tueri.
1630 1884 1703 1916 10.

122 1949 263 1998 Haec
297 1964 410 1998 cum
446 1949 506 1997 ad
544 1964 623 1997 me
657 1949 801 1997 frater
837 1949 1109 2013 pertulisset
1141 1958 1188 1998 et
1224 1965 1336 1998 cum
1373 1958 1535 1998 tamen
1561 1949 1705 1999 Pom-

121 2033 257 2096 peius
290 2031 352 2080 ad
391 2047 470 2079 me
512 2047 624 2079 cum
660 2032 900 2080 mandatis
935 2032 1200 2080 Vibullium
1236 2033 1458 2092 misisset,
1496 2040 1549 2080 ut
1583 2034 1704 2082 inte-

120 2129 261 2177 grum
280 2113 396 2161 mihi
416 2113 476 2161 de
496 2129 642 2162 causa
658 2111 915 2177 Campana
936 2114 997 2161 ad
1014 2129 1155 2162 suum
1174 2114 1379 2162 reditum
1396 2130 1703 2173 reservarem,

121 2197 292 2260 collegi
328 2197 432 2259 ipse
467 2211 546 2244 me
581 2204 628 2244 et
665 2211 776 2244 cum
809 2197 916 2259 ipsa
953 2197 1089 2259 quasi
1127 2213 1178 2244 re
1211 2197 1405 2260 publica
1438 2198 1704 2246 collocutus

123 2295 245 2339 sum,
270 2287 322 2327 ut
354 2278 470 2327 mihi
503 2287 602 2327 tam
635 2279 785 2326 multa
820 2294 907 2341 pro
945 2295 997 2327 se
1023 2295 1257 2342 perpesso
1283 2289 1425 2342 atque
1449 2281 1703 2343 perfuncto

123 2361 426 2420 concederet,
474 2369 528 2409 ut
579 2361 793 2410 officium
843 2377 1008 2409 meum
1054 2376 1423 2425 memoremque
1476 2363 1527 2409 in
1577 2363 1703 2410 bene

123 2445 319 2492 meritos
356 2445 572 2491 animum
615 2444 860 2507 fidemque
895 2443 1051 2492 fratris
1089 2445 1183 2491 mei
1225 2451 1534 2506 praestarem,
1570 2460 1703 2493 eum-

123 2542 232 2589 que,
260 2541 405 2589 quem
435 2527 621 2574 bonum
646 2527 798 2574 civem
825 2541 1015 2589 semper
1046 2526 1307 2584 habuisset,
1333 2527 1519 2574 bonum
1552 2527 1703 2575 virum

125 2623 231 2656 esse
257 2615 508 2670 pateretur.
583 2607 642 2655 In
675 2608 766 2656 illis
796 2617 955 2656 autem
989 2609 1110 2656 meis
1136 2608 1405 2656 actionibus
1431 2609 1702 2657 sententiis·

125 2704 220 2751 que
279 2690 522 2748 omnibus,
575 2705 699 2753 quae
754 2689 1042 2753 Pompeium
1101 2690 1384 2738 videbantur
1441 2690 1702 2749 offendere,

128 2779 368 2819 certorum
404 2771 675 2832 hominum,
701 2787 825 2835 quos
862 2773 959 2820 iam
996 2772 1144 2821 debes
1182 2773 1425 2836 suspicari,
1454 2788 1701 2823 sermones
