2040 3048
285 112 391 151 200
738 112 800 151 M.
841 112 1040 153 TULLII
1077 114 1391 154 CICERONIS
1646 99 1759 175 [pars
1777 114 1846 155 ιν.

617 306 695 350 92.
767 304 860 351 AD
897 305 1314 355 FAMILIARES
1352 306 1441 355 VI.
1482 317 1526 367 7.

507 398 615 448 Scn.
641 415 691 448 IN
728 400 909 450 S1crL1A
944 418 1169 452 EXEUNTE
1204 420 1332 453 ANNo
1367 419 1506 452 A.U.c.
1536 406 1647 464 708.

709 504 912 538 CAEcrNA
936 506 1158 541 CICERom
1181 508 1320 541 PLUR.
1345 507 1447 541 SAL.

356 597 394 629 1.
447 583 595 642 Quon
642 584 725 632 tibi
773 601 872 633 non
920 594 1019 634 tam
1068 588 1280 635 celeriter
1329 588 1446 635 liber
1499 595 1571 635 est
1626 586 1854 643 redditus,

282 663 481 725 ignosce
524 666 682 714 timori
723 674 892 714 nostro
935 675 982 715 et
1022 668 1246 716 miserere
1283 668 1533 731 temporis.
1604 667 1765 724 Filius,
1802 675 1856 715 ut

281 746 438 805 audio,
472 748 730 810 pertimuit,
765 764 924 811 neque
960 750 1143 808 iniuria,
1178 751 1217 798 si
1252 751 1372 799 liber
1407 750 1596 808 exisset,
1622 750 1855 812 quoniam

281 842 381 875 non
405 836 504 876 tam
529 829 740 888 interest,
768 845 866 892 quo
900 831 1062 878 animo
1097 832 1342 890 scribatur,
1369 847 1515 895 quam
1547 846 1646 894 quo
1678 831 1854 893 accipi-

282 918 399 968 atur,
425 926 487 958 ne
511 926 569 958 ea
593 926 671 958 res
696 912 857 974 inepte
883 912 999 959 mihi
1024 922 1238 971 noceret,
1259 929 1370 961 curn
1394 913 1673 975 praesertim
1697 912 1855 960 adhuc

281 991 370 1038 stili
394 1006 580 1054 poenas
606 993 733 1040 dem.
806 992 919 1051 Qua
944 993 1141 1055 quidem
1166 995 1216 1041 in
1240 1011 1291 1043 re
1325 994 1554 1056 singulari
1586 1009 1694 1042 sum
1727 993 1853 1053 fato;

281 1089 393 1121 nam
418 1090 530 1122 cum
554 1075 787 1123 mendum
813 1077 1075 1138 scripturae
1099 1076 1239 1124 litura
1268 1077 1474 1134 tollatur,
1500 1076 1694 1124 stultitia
1725 1076 1855 1123 sama

281 1156 517 1214 multetur,
543 1171 680 1204 meus
710 1171 842 1205 error
878 1158 1046 1205 exsilio
1085 1158 1349 1220 corrigitur,
1376 1159 1511 1206 cuius
1546 1173 1735 1205 summa
1768 1158 1855 1205 cri-

281 1238 422 1286 minis
446 1244 533 1296 est,
558 1237 692 1300 quod
724 1246 935 1286 armatus
968 1238 1241 1287 adversario
1275 1239 1400 1287 male
1435 1239 1546 1287 dixi.
1621 1255 1663 1286 2.
1690 1238 1854 1287 Nemo

281 1327 497 1367 nostrum
533 1327 616 1377 est,
643 1327 695 1367 ut
730 1320 918 1382 opinor,
945 1321 1062 1383 quin
1095 1328 1206 1368 vota
1237 1320 1482 1369 Victoriae
1516 1336 1630 1368 suae
1659 1320 1846 1383 fecerit3

280 1415 440 1459 nemo,
477 1401 594 1463 quin
630 1401 774 1449 etiam
812 1417 924 1449 cum
961 1401 1022 1449 de
1059 1401 1151 1449 alia
1186 1418 1236 1449 re
1273 1402 1556 1459 immolaret,
1595 1410 1757 1449 tamen
1792 1418 1853 1450 eo

281 1480 479 1541 quidem
513 1480 623 1542 ipso
660 1488 894 1541 tempore,
927 1488 979 1528 ut
1012 1496 1158 1543 quam
1195 1481 1404 1543 primurn
1443 1480 1624 1529 Caesar
1660 1497 1853 1543 supera-

280 1568 418 1620 retur,
436 1561 640 1623 optarit:
667 1560 763 1608 hoc
789 1562 827 1608 si
852 1576 954 1609 non
980 1563 1172 1623 cogitat,
1194 1563 1420 1610 omnibus
1443 1564 1587 1610 rebus
1612 1562 1723 1610 felix
1749 1571 1820 1611 est
1837 1579 1851 1622 5

281 1643 319 1690 si
367 1643 454 1690 scit
500 1650 547 1690 et
593 1657 849 1704 persuasus
898 1650 984 1702 est,
1028 1644 1146 1705 quid
1192 1644 1405 1691 irascitur
1452 1645 1510 1703 ei,
1547 1644 1629 1707 qui
1676 1644 1854 1707 aliquid

281 1725 465 1787 scripsit
506 1733 675 1772 contra
716 1740 853 1773 suam
895 1725 1205 1784 voluntatem,
1244 1741 1355 1773 cum
1397 1726 1573 1788 ignorit
1610 1727 1851 1784 omnibus,

280 1807 361 1868 qui
397 1806 548 1855 multa
589 1807 708 1854 deos
750 1807 960 1855 venerati
1002 1815 1110 1855 sunt
1149 1815 1318 1856 contra
1358 1808 1460 1855 eius
1503 1807 1735 1855 salutern?
1808 1825 1853 1870 3.

282 1886 378 1936 Sed
402 1897 453 1936 ut
476 1889 652 1937 eodem
676 1897 898 1948 revertar,
923 1904 1069 1937 causa
1093 1888 1214 1937 haec
1240 1889 1326 1937 fuit
1350 1889 1562 1937 timoris:
1600 1891 1767 1953 scripsi
1793 1890 1853 1938 de

280 1975 325 2016 te
355 1985 497 2031 parce
531 1970 719 2017 medius
753 1970 893 2019 fidius
926 1979 973 2019 et
1009 1971 1188 2029 timide,
1213 1986 1314 2018 non
1350 1986 1583 2018 revocans
1618 1986 1697 2019 me
1733 1972 1852 2034 ipse,

283 2050 369 2098 sed
401 2067 558 2114 paene
590 2051 849 2113 refugiens.
922 2051 1092 2100 Genus
1128 2060 1289 2100 autem
1325 2051 1420 2099 hoc
1456 2052 1715 2114 scripturae
1751 2068 1853 2101 non

280 2133 429 2180 modo
465 2132 684 2191 liberum,
722 2133 808 2180 sed
849 2133 1098 2180 incitatum
1140 2141 1282 2194 atque
1320 2133 1498 2181 elatum
1534 2149 1641 2181 esse
1678 2135 1852 2182 debere

281 2213 387 2275 quis
410 2213 633 2275 ignorat?
671 2214 881 2261 solutum
918 2215 1216 2262 existimatur
1249 2229 1355 2261 esse
1389 2214 1520 2262 alteri
1545 2215 1669 2263 male
1695 2216 1853 2264 dicere

279 2304 510 2344 -tamen
534 2295 802 2343 cavendum
822 2303 907 2354 est,
924 2311 987 2344 ne
1005 2295 1054 2342 in
1071 2295 1384 2357 petulantiam
1401 2296 1674 2357 incidas—;
1701 2298 1854 2360 impe-

281 2377 446 2435 ditum,
496 2391 548 2424 se
594 2376 755 2438 ipsum
800 2376 1010 2435 laudare,
1059 2392 1120 2424 ne
1168 2377 1333 2425 vitium
1381 2378 1693 2440 adrogantiae
1741 2380 1853 2426 sub-

282 2466 537 2521 sequatur3
581 2458 739 2506 solum
775 2474 888 2507 vero
923 2459 1139 2516 liberum,
1178 2459 1378 2507 alterum
1415 2459 1624 2518 laudare,
1658 2460 1718 2508 de
1754 2475 1853 2524 quo

282 2540 510 2604 quicquid
536 2539 771 2597 detrahaS,
799 2556 998 2588 necesse
1024 2548 1097 2588 est
1129 2548 1209 2587 aut
1243 2541 1504 2590 infirmitati
1537 2550 1618 2589 aut
1648 2543 1852 2590 invidiae

282 2622 571 2684 adsignetur.
642 2620 717 2669 Ac
765 2622 930 2670 nescio
980 2637 1042 2669 an
1090 2622 1173 2669 tibi
1215 2624 1395 2684 gratius
1437 2626 1852 2687 opportuniusque

282 2702 531 2761 acciderit;
569 2717 682 2749 nam
718 2702 850 2764 quod
889 2703 1130 2765 praeclare
1167 2703 1323 2752 facere
1361 2720 1462 2753 non
1498 2713 1730 2768 poteram,
1757 2707 1850 2768 pri-

281 2797 414 2830 mum
447 2790 559 2840 erat,
587 2796 687 2830 non
721 2784 951 2846 attingere
970 2799 985 2845 3
1023 2784 1291 2832 secundum
1331 2782 1678 2850 [beneficium]‚
1704 2799 1850 2848 quam

2011 0 2040 226 ...a-nm

2015 262 2040 1758 ..nfflmQrm-m-flss·mfflun
