2040 3048
322 79 389 132 26
394 79 423 130 8
785 91 847 131 M.
889 90 1086 130 TULLII
1123 91 1439 132 CICERONIS
1706 83 1823 151 [Pars
1846 95 1897 135 ν.

318 214 409 262 tuis
446 213 613 262 officiis
648 229 751 262 non
780 213 947 262 videor
975 214 1092 262 mihi
1127 216 1422 278 respondere
1451 231 1613 279 posse,
1650 218 1741 266 nisi
1777 217 1898 266 forte

317 304 369 343 ut
392 303 443 343 tu
467 296 745 358 gravissime
770 296 1174 359 disertissimeque
1205 298 1447 360 scripsisti,
1474 299 1540 346 ita
1572 314 1797 347 sensurus
1829 314 1898 357 eS‚

318 387 370 426 ut
395 393 473 424 me
498 376 671 425 referre
695 378 901 439 gratiam
925 386 1079 441 puteS,
1100 394 1212 426 curn
1237 380 1472 428 memoria
1496 380 1689 429 tenebo.
1760 379 1812 429 si
1838 381 1898 429 de

318 459 398 505 filii
421 459 489 506 tui
514 459 744 521 dignitate
780 467 906 508 esset
936 468 1112 518 actum,
1138 461 1388 510 amabilius
1425 470 1551 510 certe
1587 461 1703 510 nihil
1727 461 1898 520 facere,

318 541 571 604 potuisses.
642 540 833 589 Primae
868 549 980 590 tuae
1018 542 1283 591 sententiae
1307 543 1505 592 infinitis
1542 559 1655 591 cum
1689 545 1899 592 muneri-

318 624 421 682 buS,
448 623 741 686 posteriores
771 623 832 671 ad
857 632 1050 688 tempus
1085 625 1427 687 arbitriumque
1460 625 1728 674 amicorum
1763 641 1898 674 meo-

317 721 423 753 rum
449 707 762 768 compositae,
788 707 941 755 oratio
967 707 1170 755 adsidua
1202 714 1249 756 et
1273 716 1506 770 perpetua
1538 708 1598 756 de
1629 723 1723 767 me,
1748 709 1900 771 iurgia

318 804 430 837 curn
454 788 855 837 obtrectatoribus
877 797 1077 851 propter
1099 805 1178 837 me
1202 790 1454 837 notissima
1477 789 1594 836 mihi
1620 798 1759 849 sunt;
1796 806 1899 838 non

318 870 576 918 mediocris
619 869 896 918 adhibenda
932 870 1049 917 mihi
1093 879 1165 918 est
1202 886 1328 928 cura,
1365 879 1419 918 ut
1456 872 1524 918 rei
1566 872 1782 933 publicae
1819 888 1898 919 me

319 953 472 1001 civem
520 952 722 1014 dignum
770 952 862 999 tuis
909 951 1134 1000 laudibus
1182 959 1436 1015 praestem,
1479 952 1530 999 in
1576 954 1786 1002 amicitia
1831 955 1896 1001 tui

318 1049 586 1082 memorem
644 1041 788 1096 atque
847 1042 1050 1096 gratum.
1124 1033 1274 1094 Quod
1329 1034 1568 1096 reliquum
1627 1043 1714 1094 est,
1762 1045 1897 1084 tuum

317 1131 496 1165 munus
529 1124 661 1164 tuere
697 1124 745 1163 et
776 1131 869 1174 me,
896 1116 949 1175 si,
976 1132 1122 1179 quem
1158 1131 1264 1164 esse
1289 1115 1490 1174 voluisti,
1516 1132 1628 1164 eum
1666 1118 1794 1166 exitu
1826 1133 1898 1166 re-

319 1200 506 1261 busque
542 1198 815 1261 cognoscis,
847 1197 1053 1246 defende
1089 1213 1145 1246 ac
1181 1198 1386 1260 suscipe.
1462 1214 1502 1246 2.
1540 1198 1666 1247 Cum
1701 1199 1898 1248 Rhoda·

319 1296 435 1327 num
485 1281 652 1343 copias
692 1280 988 1328 traiecissem
1029 1279 1318 1343 fratremque
1362 1295 1474 1328 curn
1517 1281 1665 1329 tribus
1706 1282 1898 1329 milibus

318 1363 535 1424 equitum
560 1362 935 1425 praemisissem,
961 1361 1065 1423 ipse
1089 1362 1178 1408 iter
1201 1361 1263 1409 ad
1288 1360 1530 1409 Mutinam
1556 1362 1824 1425 dirigerem,
1849 1365 1898 1410 in

318 1445 486 1492 itinere
531 1444 591 1492 de
632 1443 818 1506 proelio
858 1443 986 1492 facto
1026 1443 1275 1506 Brutoque
1323 1451 1371 1490 et
1409 1443 1598 1491 Mutina
1645 1446 1898 1494 obsidione

317 1526 527 1574 liberatis
559 1526 747 1574 audivi:
786 1525 1098 1573 animadverti
1127 1525 1312 1572 nullum
1349 1525 1496 1573 alium
1524 1536 1773 1588 receptum
1796 1526 1897 1573 An·

319 1610 506 1657 tonium
542 1608 876 1671 reliquiasque,
903 1623 1027 1670 quae
1063 1623 1176 1655 cum
1211 1622 1272 1655 eo
1308 1617 1484 1667 essent,
1509 1608 1688 1657 habere
1723 1609 1815 1656 nisi
1847 1609 1897 1655 in

319 1692 392 1740 his
416 1691 643 1754 partibus,
669 1690 885 1753 duasque
911 1690 954 1736 ei
979 1705 1090 1752 spes
1115 1705 1221 1738 esse
1246 1690 1536 1752 propositas,
1556 1706 1703 1738 unam
1728 1689 1898 1752 Lepidi

322 1774 483 1836 ipsius,
509 1772 707 1820 alteram
744 1772 992 1819 exercitus.
1065 1770 1215 1830 Quod
1247 1772 1488 1835 quaedam
1520 1787 1631 1835 pars
1664 1772 1898 1819 exercitus

321 1870 421 1902 non
457 1854 618 1902 minus
655 1853 836 1901 furiosa
874 1860 945 1901 est
983 1869 1132 1915 quam
1167 1854 1249 1916 qui
1289 1869 1400 1901 cum
1435 1854 1654 1902 Antonio
1691 1853 1897 1911 fuerunt,

320 1937 582 1999 equitatum
630 1936 849 1983 revocavi
867 1951 881 1993 3
942 1936 1046 1997 ipse
1100 1936 1152 1983 in
1199 1935 1546 1997 Allobrogibus
1593 1934 1798 1992 constiti,
1846 1942 1899 1981 ut

322 2018 524 2082 proinde
550 2017 612 2065 ad
635 2016 799 2064 omnia
822 2023 1017 2078 paratus
1047 2032 1206 2065 essem
1238 2031 1294 2064 ac
1327 2032 1403 2064 res
1434 2031 1513 2063 me
1542 2024 1774 2065 moneret.
1848 2015 1898 2063 Si

321 2100 479 2148 nudus
504 2099 599 2146 huc
625 2113 676 2146 se
701 2098 943 2145 Antonius
978 2097 1178 2155 confert,
1204 2097 1343 2145 facile
1375 2097 1493 2144 mihi
1518 2098 1685 2145 videor
1709 2113 1796 2160 per
1819 2113 1897 2145 me

321 2183 553 2230 sustinere
578 2195 724 2242 posse
757 2194 956 2242 remque
986 2179 1231 2242 publicam
1267 2194 1327 2226 ex
1352 2187 1508 2227 vestra
1543 2181 1780 2226 sententia
1815 2180 1898 2227 ad-

322 2264 604 2320 ministrare,
629 2261 847 2324 quamvis
872 2261 934 2307 ab
964 2260 1175 2308 exercitu
1199 2259 1370 2322 Lepidi
1403 2261 1683 2322 recipiatur;
1721 2262 1759 2308 si
1785 2277 1898 2309 vero

322 2345 572 2408 copiarum
608 2342 786 2405 aliquid
822 2357 988 2390 secum
1023 2342 1232 2389 adducet
1260 2350 1307 2388 et
1333 2341 1373 2388 si
1408 2341 1597 2389 decima
1619 2342 1747 2404 legio
1771 2352 1897 2390 vete-

323 2443 452 2486 rana,
492 2440 615 2489 quae
663 2433 828 2473 nostra
875 2439 1025 2486 opera
1048 2431 1272 2472 revocata
1319 2438 1432 2470 curn
1470 2423 1663 2486 reliquis
1710 2432 1795 2483 est,
1835 2425 1897 2473 ad

322 2510 530 2556 eundem
567 2507 780 2556 furorem
815 2506 1018 2565 redierit,
1047 2513 1225 2558 tamen,
1252 2520 1314 2552 ne
1348 2505 1462 2567 quid
1501 2506 1770 2554 detrimenti
1802 2506 1896 2565 fiat,

323 2591 510 2638 dabitur
546 2604 696 2652 opera
731 2603 761 2635 a
795 2604 887 2645 me,
913 2588 1057 2650 idque
1095 2603 1171 2634 me
1205 2594 1557 2649 praestaturum
1593 2601 1750 2648 spero,
1781 2587 1894 2635 dum

327 2669 463 2716 istinc
500 2669 670 2731 copiae
703 2669 994 2717 traiiciantur
1024 2669 1406 2732 coniunctaeque
1432 2669 1686 2717 nobiscum
1714 2670 1895 2719 facilius

327 2751 536 2814 perditos
579 2752 870 2813 opprimant.
962 2768 1005 2812 3.
1043 2750 1156 2798 Hoc
1194 2750 1278 2797 tibi
1326 2751 1559 2813 spondeo,
1601 2752 1668 2798 mi
1706 2751 1890 2810 Cicero,

2034 1229 2040 1246 ..
2030 1049 2040 1211 -.h-...fi—
