2040 3048
310 99 410 166 176
758 110 821 151 M.
866 110 1069 149 TULLII
1107 109 1420 148 CICERONIS
1667 97 1777 166 [Pars
1805 108 1879 150 111.

304 235 591 299 Pompeium
632 249 722 282 nec
764 233 975 281 nominis
1013 234 1086 281 sui
1124 248 1215 282 nec
1251 248 1409 281 rerum
1446 240 1689 295 gestarum
1723 231 1879 294 gloria

305 333 461 380 neque
486 317 629 363 etiam
655 329 823 376 regum
850 329 905 362 ac
931 314 1185 362 nationum
1209 313 1455 372 clientelis,
1483 328 1604 376 quas
1638 321 1878 361 ostentare

305 399 473 447 crebro
511 397 707 453 solebat,
746 411 851 443 esse
895 403 1063 453 tutum,
1102 404 1150 443 et
1197 395 1290 444 hoc
1339 397 1497 449 etiam,
1535 394 1668 458 quod
1708 393 1876 441 infimo

305 481 478 542 cuique
525 477 740 539 contigit,
789 476 853 524 illi
900 491 1001 523 non
1049 491 1194 539 posse
1242 477 1536 538 contingere,
1578 484 1631 524 ut
1675 475 1877 524 honeste

305 561 517 624 effugere
563 559 731 622 possit,
779 558 920 621 pulso
976 557 1126 617 Italia,
1175 559 1363 606 amissis
1419 558 1685 620 Hispaniis,
1734 564 1878 619 capto

305 642 516 690 exercitu
560 647 802 698 veterano,
851 639 1206 687 circumvallato
1255 654 1385 687 nunc
1441 639 1680 701 denique3
1742 637 1876 701 quod

305 723 469 772 nescio
518 738 580 769 an
627 720 743 768 nulli
796 735 1028 782 umquam
1084 728 1252 769 nostro
1306 720 1531 768 acciderit
1589 719 1879 784 imperatori.

305 804 468 864 Quam
492 805 557 851 ob
581 818 698 860 rem,
726 802 841 865 quid
865 810 947 869 aut
970 802 1046 849 ille
1072 817 1265 864 sperare
1290 803 1444 865 possit
1469 810 1550 849 aut
1576 812 1640 860 tu,
1659 803 1877 851 animum

305 887 498 935 adverte
533 898 623 947 pro
658 890 741 932 tua
776 882 1055 945 prudentia;
1093 883 1161 930 sic
1199 884 1328 930 enlm
1364 883 1585 931 facillime
1621 885 1756 947 quod
1791 886 1875 933 tibi

303 974 606 1023 utilissimum
632 972 718 1018 erit
743 971 931 1018 consilii
957 971 1133 1033 capies.
1203 970 1328 1018 Illud
1353 979 1513 1018 autem
1538 988 1568 1019 a
1594 980 1639 1019 te
1665 980 1792 1034 peto,
1811 983 1878 1032 ut,

306 1058 345 1105 si
386 1057 482 1104 iam
523 1054 598 1101 ille
641 1052 881 1100 evitaverit
921 1050 1017 1100 hoc
1058 1051 1324 1114 periculum
1365 1059 1413 1100 et
1454 1068 1506 1100 se
1549 1053 1782 1102 abdiderit
1829 1056 1878 1102 in

305 1139 522 1196 classem,
559 1144 612 1183 tu
646 1134 739 1183 tuis
773 1134 918 1182 rebus
953 1133 1177 1181 consulas
1213 1140 1262 1181 et
1296 1133 1556 1197 aliquando
1592 1135 1676 1182 tibi
1716 1137 1878 1198 potius

304 1235 452 1283 quam
487 1217 634 1267 cuivis
670 1216 735 1264 sis
772 1216 982 1262 amicus:
1026 1216 1139 1262 satis
1181 1214 1361 1262 facturn
1403 1223 1475 1263 est
1509 1216 1606 1263 iam
1648 1232 1677 1264 a
1716 1225 1762 1264 te
1803 1219 1877 1266 vel

304 1301 464 1351 officio
499 1300 572 1348 vel
608 1298 935 1355 familiaritate,
963 1297 1078 1345 satis
1114 1297 1294 1345 factum
1328 1299 1471 1345 etiam
1505 1298 1719 1360 partibus
1753 1308 1799 1348 et
1831 1302 1875 1348 ei

305 1385 371 1431 rei
402 1382 636 1446 publicae,
663 1395 810 1443 quam
843 1387 893 1427 tu
917 1380 1174 1441 probabas.
1248 1394 1290 1439 3.
1330 1379 1590 1441 Reliquum
1615 1388 1687 1429 est
1712 1386 1774 1438 ul,
1792 1382 1875 1430 ubi

305 1480 435 1513 nunc
470 1471 542 1512 est
576 1477 651 1510 res
687 1461 890 1524 publica,
923 1461 988 1513 ibi
1025 1461 1175 1508 simus
1210 1460 1371 1522 potius
1409 1475 1568 1524 quam,
1594 1462 1710 1509 dum
1746 1463 1875 1511 illam

304 1554 512 1595 veterem
559 1558 831 1607 sequamur,
873 1543 1022 1590 simus
1062 1543 1113 1589 in
1154 1542 1298 1590 nulla.
1371 1542 1483 1601 Qua
1523 1558 1574 1590 re
1613 1544 1767 1604 velim,
1807 1547 1874 1594 mi

304 1626 645 1676 iucundissime
674 1623 862 1681 Cicer0,
889 1624 928 1671 si
954 1623 1075 1671 forte
1099 1623 1363 1685 Pompeius
1389 1624 1556 1686 pulsus
1579 1624 1654 1672 his
1681 1640 1877 1689 quoque

304 1709 423 1757 locis
458 1722 621 1756 rursus
663 1706 778 1754 alias
820 1705 1043 1768 regiones
1086 1713 1249 1767 petere
1291 1714 1505 1768 cogatur,
1541 1714 1595 1753 ut
1626 1714 1678 1754 tu
1715 1716 1762 1755 te
1803 1709 1878 1756 vel

305 1791 524 1840 Athenas
549 1789 623 1836 vel
647 1788 695 1835 in
721 1787 938 1850 quamvis
963 1787 1174 1849 quietam
1204 1788 1406 1850 recipias
1439 1788 1678 1835 civitatem
1692 1805 1704 1847 ;
1744 1791 1878 1852 quod

305 1874 346 1922 si
381 1873 473 1920 eris
509 1871 731 1929 facturus,
757 1869 898 1916 velim
929 1868 1047 1915 mihi
1080 1869 1275 1927 scribas,
1305 1877 1357 1916 ut
1389 1884 1496 1931 ego,
1524 1870 1563 1917 si
1595 1870 1693 1917 ullo
1726 1872 1879 1919 modo

306 1963 492 2019 potero,
517 1952 580 2001 ad
611 1961 658 2001 te
683 1951 919 2000 advolem.
993 1949 1345 2013 Quaecumque
1370 1951 1430 1998 de
1456 1959 1537 1997 tua
1562 1951 1792 2013 dignitate
1817 1955 1879 2001 ab

305 2039 596 2099 imperatore
621 2041 760 2081 erunt
783 2032 1098 2095 impetranda,
1125 2048 1222 2096 qua
1254 2040 1325 2080 est
1355 2032 1649 2080 humanitate
1683 2033 1878 2092 Caesar,

306 2117 585 2166 facillimum
609 2115 696 2162 erit
718 2116 780 2161 ab
813 2129 873 2161 eo
905 2114 990 2160 tibi
1020 2114 1112 2175 ipsi
1145 2114 1428 2175 impetrare;
1465 2122 1513 2161 et
1544 2129 1679 2162 meas
1714 2123 1880 2164 tamen

306 2213 475 2263 preces
521 2196 652 2260 apud
698 2210 810 2243 eum
852 2209 953 2242 non
994 2194 1249 2241 minimum
1297 2195 1590 2242 auctoritatis
1635 2194 1880 2244 habituras

306 2289 443 2344 puto.
510 2278 614 2326 Erit
644 2285 753 2325 tuae
779 2291 974 2339 quoque
1007 2276 1118 2322 fidei
1143 2284 1189 2322 et
1213 2275 1520 2323 humanitatis
1550 2292 1729 2336 curare,
1753 2287 1806 2325 ut
1840 2265 1900 2327 is*

307 2361 592 2418 tabellarius,
618 2374 764 2423 quem
797 2358 858 2406 ad
889 2366 936 2405 te
969 2357 1090 2415 misi,
1116 2357 1284 2404 reverti
1316 2358 1469 2421 possit
1501 2358 1562 2405 ad
1593 2373 1672 2405 me
1707 2367 1754 2406 et
1778 2375 1807 2407 a
1833 2371 1879 2407 te

307 2444 423 2492 mihi
445 2443 623 2490 litteras
647 2440 830 2488 referat.

2031 193 2040 818 .-....—-.-———---1...-.—›———a—
