2040 3048
325 86 392 156 38
782 97 844 136 M.
886 97 1085 137 TULLII
1123 98 1434 138 CICERONIS
1725 85 1838 160 [Pars
1857 103 1889 142 1.

324 229 550 277 comitate
587 228 870 292 complexus
905 244 1027 287 sum,
1062 228 1427 292 Nymphontem
1464 230 1607 279 etiarn
1644 229 1889 294 Colopho-

324 311 485 359 nium:
523 327 645 375 quae
679 311 769 360 feci
799 311 977 368 omnia,
1004 327 1104 359 non
1134 326 1232 373 quo
1265 327 1343 360 me
1379 320 1460 360 aut
1489 313 1536 360 hi
1567 312 1788 360 homines
1814 319 1894 361 aut

324 401 425 440 tota
444 394 575 441 natio
595 393 1193 455 delectaret—pertaesum
1212 402 1283 441 est
1301 394 1514 454 levitatis,
1535 394 1893 453 adsentationis,

323 474 597 522 animorum
631 489 732 522 non
765 474 951 533 officiiS‚
976 474 1075 522 sed'
1094 475 1391 537 temporibus
1424 475 1812 534 servientium—,
1849 489 1892 535 5.

325 556 423 614 sed,
445 564 498 604 ut
523 556 585 604 ad
612 556 813 604 Zeuxim
839 564 1058 614 revertar,
1076 571 1185 604 curn
1205 556 1245 604 is
1265 556 1325 605 de
1343 556 1413 604 M.
1431 555 1650 606 Cascellii
1670 572 1893 605 sermone

325 653 491 686 secum
524 637 707 698 habito,
731 654 856 702 quae
889 646 940 686 tu
976 638 1159 697 scribis,
1193 653 1251 686 ea
1285 639 1390 702 ipsa
1424 639 1709 702 loqueretur,
1734 639 1892 687 obstiti

325 720 427 769 eius
454 721 666 769 sermoni
696 728 743 768 et
774 720 1023 769 hominem
1058 720 1106 768 in
1141 720 1506 776 familiaritatem
1539 722 1713 785 recepi.
1783 720 1893 769 Tua

323 812 483 851 autem
526 818 650 867 quae
693 802 833 851 fuerit
875 804 1110 866 cupiditas
1154 811 1301 863 tanta,
1337 805 1517 862 nescio,
1554 804 1687 868 quod
1727 805 1894 853 scribis

322 886 512 948 cupisse
550 894 612 943 te,
649 885 880 948 quoniam
919 884 1152 948 Smyrnae
1196 886 1318 933 duos
1360 885 1531 948 Mysos
1576 886 1804 934 insuisses
1844 887 1892 934 in

321 967 523 1025 culeum,
551 967 704 1015 simile
729 967 778 1014 in
803 967 1052 1029 superiore
1078 975 1212 1030 parte
1243 966 1519 1028 provinciae
1554 968 1695 1015 edere
1731 984 1892 1016 exem-

321 1051 456 1112 plum
510 1049 769 1098 severitatis
817 1057 926 1096 tuae
974 1056 1022 1096 et
1067 1049 1247 1096 idcirco
1297 1047 1498 1096 Zeuxim
1546 1049 1714 1097 elicere
1760 1051 1892 1098 omni

322 1128 505 1177 ratione
549 1128 772 1185 voluisse,
812 1142 955 1190 quem
1005 1127 1267 1175 adductum
1315 1127 1364 1173 in
1412 1127 1641 1175 iudicium
1688 1128 1892 1178 sortasse

323 1210 495 1258 dimitti
522 1224 623 1257 non
648 1216 940 1272 oportuerat,
967 1208 1185 1271 conquiri
1209 1223 1322 1256 vero
1348 1217 1396 1256 et
1427 1208 1531 1256 elici
1564 1209 1816 1269 blanditiis,
1841 1219 1891 1258 ut

322 1302 374 1342 tu
408 1293 588 1351 scribis,
617 1292 679 1340 ad
714 1291 943 1340 iudicium
980 1305 1178 1339 necesse
1211 1305 1311 1338 non
1340 1290 1442 1349 fuit,
1466 1307 1577 1339 eum
1610 1294 1887 1354 praesertim

322 1375 586 1433 hominem,
612 1389 759 1437 quem
791 1388 886 1436 ego
920 1382 965 1421 et
994 1389 1052 1421 ex
1087 1373 1185 1421 suis
1218 1373 1400 1421 civibus
1433 1380 1480 1420 et
1512 1389 1570 1421 ex
1603 1374 1763 1421 multis
1793 1375 1894 1422 aliis

321 1457 539 1521 quotidie
578 1457 734 1520 magis
774 1470 1025 1518 cognosco
1064 1455 1349 1503 nobiliorem
1391 1470 1498 1503 esse
1545 1470 1697 1518 prope
1746 1472 1891 1520 quam

324 1541 562 1589 civitatem
604 1554 756 1586 suam.
840 1540 884 1586 6.
923 1538 1016 1586 ‘At
1053 1537 1183 1585 enim
1227 1535 1427 1586 Graecis
1469 1538 1584 1586 solis
1633 1538 1891 1601 indulgeo.'

323 1622 489 1682 Quid?
525 1620 581 1670 L.
618 1620 884 1669 Caecilium
916 1635 1082 1668 nonne
1111 1620 1245 1667 omni
1278 1620 1461 1668 ratione
1494 1620 1709 1683 placavi?
1746 1637 1890 1684 quem

320 1704 601 1752 hominem!
641 1718 736 1766 qua
772 1703 869 1751 ira!
908 1717 1007 1764 quo
1043 1701 1239 1764 spiritu!
1283 1717 1429 1764 quem
1465 1701 1671 1765 denique
1707 1711 1894 1765 praeter

323 1786 636 1845 Tuscenium,
662 1784 796 1833 cuius
829 1799 975 1832 causa
1005 1783 1162 1831 sanari
1191 1797 1293 1830 non
1322 1791 1495 1846 potest,
1522 1798 1623 1832 non
1647 1784 1890 1847 mitigavi?

322 1868 452 1918 Ecce
493 1883 641 1932 supra
689 1875 835 1931 caput
875 1867 1026 1916 homo
1074 1866 1188 1914 levis
1227 1882 1284 1914 ac
1327 1866 1562 1924 sordiduS,
1600 1867 1686 1915 sed
1726 1875 1889 1915 tamen

323 1951 533 2014 equestri
569 1965 733 2008 censu,
772 1949 1030 1998 Catienus:
1068 1948 1212 1995 etiam
1249 1948 1288 1995 is
1323 1947 1549 2008 lenietur;
1585 1949 1720 1996 cuius
1755 1957 1806 1997 tu
1843 1950 1890 1997 in

320 2042 508 2097 patrem
533 2033 669 2095 quod
694 2032 821 2080 fuisti
846 2031 1073 2094 asperior,
1100 2044 1200 2077 non
1233 2030 1562 2092 reprehendo;
1600 2039 1730 2078 certo
1762 2032 1890 2080 enim

323 2116 426 2165 scio
451 2122 498 2163 te
524 2115 693 2163 fecisse
720 2129 829 2162 curn
864 2128 1037 2170 causa3
1077 2112 1162 2159 sed
1196 2112 1312 2174 quid
1344 2127 1470 2175 opus
1501 2111 1588 2160 fuit
1620 2113 1723 2161 eius
1757 2114 1891 2161 modi

319 2198 497 2256 litteris,
523 2212 645 2259 quas
670 2196 733 2244 ad
757 2197 918 2259 ipsum
941 2194 1142 2242 misisti?
1208 2197 1219 2218 ‘
1235 2193 1376 2240 Illum
1402 2208 1593 2242 crucem
1619 2195 1708 2242 sibi
1731 2195 1888 2257 ipsum

320 2281 628 2337 constituere,
648 2294 710 2327 ex
731 2293 827 2341 qua
845 2286 897 2325 tu
918 2292 1029 2324 eum
1053 2284 1164 2324 ante
1190 2276 1504 2335 detraxisses3
1531 2284 1576 2323 te
1602 2284 1889 2335 curaturum,

320 2364 456 2411 furno
493 2370 547 2410 ut
581 2361 957 2418 combureretur,
982 2358 1239 2422 plaudente
1276 2365 1378 2405 tota
1412 2357 1686 2421 provincia.'
1758 2358 1888 2417 Quid

321 2460 433 2493 vero
482 2445 545 2493 ad
592 2443 648 2493 C.
687 2443 891 2490 Fabium
938 2441 1103 2489 nescio
1145 2441 1505 2502 quem?—nam
1547 2456 1656 2489 eam
1695 2456 1889 2503 quoque

322 2526 576 2589 epistolam
610 2525 670 2574 T.
701 2524 931 2574 Catienus
964 2524 1385 2585 circumgestat—‘
1401 2523 1658 2570 renuntiari
1688 2524 1771 2571 tibi
1810 2523 1886 2570 Li-

322 2609 501 2657 cinium
526 2607 812 2671 plagiarium
838 2622 949 2655 cum
975 2620 1063 2653 suo
1088 2604 1219 2667 pullo
1245 2604 1444 2659 miluino
1468 2605 1643 2653 tributa
1666 2603 1887 2668 exigere?

322 2690 512 2738 Deinde
572 2704 715 2751 rogas
770 2688 990 2744 Fabium,
1039 2694 1090 2735 ut
1137 2694 1184 2733 et
1230 2693 1416 2748 patrem
1463 2694 1510 2733 et
1559 2686 1707 2734 filium
1756 2686 1888 2735 vivos

322 2772 591 2828 comburat,
631 2769 668 2817 si
705 2770 887 2832 possit;
931 2768 970 2816 si
1006 2767 1180 2826 minus,
1222 2767 1284 2815 ad
1322 2775 1367 2815 te
1402 2767 1571 2826 mittat,
1608 2768 1675 2815 uti
1712 2767 1888 2815 iudicio
