2040 3048
106 105 109 109 ⁵
173 139 242 190 Ep.
274 125 383 196 132.]
515 135 698 175 EPIST.
740 135 821 174 AD
858 133 1232 174 FAMILIARES
1270 134 1325 175 x.
1369 121 1416 172 8.
1657 133 1759 189 259

170 271 251 312 aut
274 263 522 312 sordidum
542 263 800 326 quicquam
826 261 925 325 pati
951 269 1031 309 aut
1056 259 1386 324 perniciosum
1409 260 1756 323 concupiscere

170 346 360 411 potest?
434 361 475 407 3.
517 343 613 392 Sed
660 344 961 405 aliquantum
1011 342 1154 389 nobis
1209 341 1444 403 temporis
1493 349 1540 389 et
1589 341 1754 403 magni

170 427 358 475 labores
397 434 444 475 et
490 426 668 473 multae
718 425 970 487 impensae
1013 438 1139 486 opus
1179 422 1385 482 fuerunt,
1423 430 1487 482 ut,
1528 438 1651 487 quae
1688 423 1755 471 rei

170 509 390 571 publicae
415 509 653 571 bonisque
687 507 917 554 omnibus
952 506 1306 569 polliceremur,
1332 506 1463 553 exitu
1491 513 1755 568 praestare·

171 607 277 639 mus
302 606 459 654 neque
485 590 546 638 ad
570 589 801 638 auxilium
834 590 1019 650 patriae
1055 588 1172 635 nudi
1198 603 1309 636 cum
1335 589 1469 635 bona
1494 588 1754 647 voluntate,

169 674 255 723 sed
292 689 404 722 cum
450 672 754 721 facultatibus
799 670 1158 719 accederemus.
1233 668 1614 719 Confirmandus
1658 676 1757 718 erat

168 757 403 804 exercitus
436 755 593 815 nobis,
619 753 809 815 magnis
847 769 993 816 saepe
1027 752 1253 815 praemiis
1287 752 1582 811 sollicitatus,
1609 761 1661 800 ut
1692 753 1754 799 ab
1819 785 1821 787 ψ

169 855 217 886 re
242 839 434 902 publica
458 838 617 901 potius
642 837 894 885 moderata
919 851 1066 899 quam
1093 836 1156 882 ab
1180 850 1281 883 uno
1306 835 1493 883 infinita
1519 846 1754 898 speraret3

168 921 528 969 confirmandae
567 919 844 983 complures
890 920 1119 976 civitates,
1164 933 1289 980 quae
1334 919 1581 981 superiore
1623 934 1756 967 anno

169 1003 498 1067 largitionibus
536 1003 1033 1064 concessionibusque
1081 1000 1409 1063 praemiorum
1448 1009 1586 1048 erant
1633 1001 1754 1048 obli-

169 1095 322 1148 gatae,
363 1094 414 1134 ut
462 1094 512 1134 et
558 1085 636 1133 illa
675 1099 800 1131 vana
834 1091 1061 1147 putarent
1104 1090 1151 1130 et
1198 1082 1372 1130 eadem
1411 1098 1440 1130 a
1477 1083 1756 1131 melioribus

169 1170 443 1217 auctoribus
479 1167 691 1230 petenda
725 1166 1084 1225 existimarent;
1124 1164 1390 1213 eliciendae
1415 1166 1558 1214 etiarn
1586 1167 1754 1215 volun-

170 1260 288 1299 tates
331 1251 639 1314 reliquorum‚
677 1249 760 1312 qui
803 1249 1016 1296 finitimis
1059 1248 1318 1311 provinciis
1368 1249 1754 1312 exercitibusque

170 1333 494 1398 praefuerunt,
519 1340 572 1380 ut
596 1332 757 1394 potius
792 1346 904 1379 cum
937 1330 1154 1393 pluribus
1185 1330 1463 1378 societatem
1492 1331 1754 1380 defenden-

170 1417 259 1464 dae
301 1414 528 1463 libertatis
566 1413 809 1471 iniremus,
838 1427 985 1476 quam
1020 1426 1132 1459 cum
1169 1412 1477 1475 paucioribus
1510 1412 1752 1462 funestam

169 1499 275 1547 orbi
324 1505 554 1545 terrarum
595 1495 844 1543 victoriam
885 1494 1185 1556 partiremur.
1259 1509 1303 1553 4,
1342 1493 1599 1542 Muniendi
1640 1511 1753 1544 vero

170 1587 362 1629 nosmet
399 1578 493 1642 ipsi
535 1577 714 1625 fuimus
752 1584 896 1624 aucto
937 1576 1150 1624 exercitu
1198 1576 1482 1639 auxiliisque
1530 1579 1754 1641 multipli-

169 1663 301 1720 catiS‚
343 1671 408 1719 ut,
454 1675 565 1709 cum
612 1659 963 1723 praeferremus
1013 1673 1184 1706 sensus
1238 1667 1414 1722 aperte,
1459 1668 1562 1708 tum
1610 1662 1755 1709 etiam

170 1744 326 1792 invitis
351 1742 642 1806 quibusdam
677 1741 800 1799 sciri,
828 1740 944 1804 quid
977 1740 1217 1788 defensuri
1242 1755 1476 1799 essemus,
1502 1757 1602 1790 non
1628 1753 1755 1792 esset

170 1825 507 1891 periculosum.
581 1824 656 1871 Ita
698 1838 968 1885 numquam
1018 1822 1257 1870 diffitebor
1291 1823 1441 1871 multa
1477 1840 1571 1884 me,
1608 1834 1659 1874 ut
1692 1826 1754 1873 ad

170 1908 398 1966 effectum
447 1907 623 1955 horum
673 1905 986 1955 consiliorum
1035 1905 1351 1968 pervenirem,
1401 1914 1449 1955 et
1502 1908 1752 1956 simulasse

170 1991 372 2038 invitum
420 1999 468 2037 et
510 1988 838 2037 dissimulasse
879 2003 991 2035 cum
1032 1987 1213 2047 dolore,
1257 1989 1404 2051 quod,
1447 2000 1753 2053 praematura

171 2072 469 2121 denuntiatio
495 2071 614 2119 boni
649 2071 763 2120 civis
788 2071 1010 2134 imparati
1044 2085 1192 2133 quam
1225 2071 1500 2134 periculosa
1525 2082 1666 2132 esset,
1693 2088 1751 2120 ex

168 2171 283 2204 casu
309 2154 523 2218 collegae
548 2153 785 2201 videbam.
860 2164 904 2214 5.
943 2152 1059 2212 Quo
1093 2155 1292 2202 nomine
1316 2155 1462 2202 etiam
1488 2155 1543 2204 C.
1570 2155 1751 2203 Furnio

167 2240 339 2301 legato,
366 2236 466 2284 viro
502 2235 611 2284 forti
648 2243 794 2297 atque
832 2242 1042 2294 strenuo,
1069 2236 1208 2299 plura
1244 2237 1390 2284 etiam
1422 2239 1570 2285 verbo
1604 2253 1751 2301 quam

168 2320 400 2382 scriptura
435 2317 666 2366 mandata
704 2317 943 2376 dedimus,
968 2325 1021 2365 ut
1057 2325 1106 2366 et
1142 2319 1312 2367 tectius
1348 2319 1410 2367 ad
1447 2334 1533 2367 vos
1569 2320 1749 2383 perfer-

168 2410 330 2451 rentur
354 2409 401 2449 et
434 2415 527 2449 nos
550 2412 770 2449 essemus
807 2401 1021 2458 tutioreS‚
1048 2401 1320 2464 quibusque
1356 2402 1499 2450 rebus
1532 2411 1578 2450 et
1614 2417 1750 2451 com-

167 2499 365 2532 munem
407 2483 610 2531 salutem
650 2483 826 2530 muniri
865 2491 912 2530 et
951 2498 1042 2531 nos
1085 2486 1258 2532 armari
1299 2485 1571 2533 cenveniret
1610 2501 1748 2548 prae-

167 2567 397 2630 cepimus.
470 2564 546 2612 Ex
587 2579 687 2627 quo
734 2565 943 2628 intellegi
992 2574 1152 2628 potest
1198 2583 1367 2615 curam
1414 2568 1481 2615 rei
1527 2569 1749 2631 publicae

167 2663 354 2696 summe
403 2646 736 2694 defendendae
789 2649 885 2695 iam
938 2649 1125 2710 pridem
1174 2650 1305 2712 apud
1353 2665 1445 2699 nos
1493 2652 1746 2703 excubare.

169 2733 212 2778 6.
250 2730 409 2788 Nunc,
437 2744 548 2776 cum
583 2729 727 2776 deum
759 2730 1056 2792 benignitate
1085 2733 1147 2779 ab
1172 2733 1308 2780 omni
1340 2748 1391 2781 re
1417 2749 1582 2781 sumus
1607 2749 1746 2797 para-

166 2812 324 2869 tioreS,
361 2825 462 2859 non
510 2811 668 2860 solum
702 2813 828 2860 bene
867 2827 1058 2876 sperare
1095 2814 1155 2862 de
1193 2814 1335 2862 nobis
1384 2815 1622 2875 homines,
1661 2817 1747 2864 sed

909 2909 934 2944 s
968 2911 992 2943 2
