2040 3048
310 68 412 117 240
763 61 826 102 M.
870 62 1070 101 TULLII
1106 62 1418 102 CICERONIS
1694 56 1810 123 [Pars
1835 66 1870 103 v

307 189 538 237 Pisonem
594 187 777 236 ferebat
833 188 882 235 in
939 187 1139 245 caelum,
1197 203 1249 236 se
1306 196 1466 236 autem
1526 189 1703 246 laetari,
1752 189 1924 254 quod-

307 273 587 335 effugissem
630 272 750 319 duas
797 271 1035 319 maximas
1083 271 1481 334 vituperationes:
1531 287 1696 330 unam,
1739 287 1885 334 quarn

309 355 474 403 itinere
505 353 730 400 faciendo
765 367 843 400 me
876 353 1217 415 intellegebam
1251 354 1507 416 suscipere,
1535 354 1885 418 desperationis

308 453 364 484 ac
405 434 664 483 relictionis
705 435 772 482 rei
814 434 1048 496 publicae,
1085 434 1255 483 flentes
1297 450 1489 484 mecum
1531 435 1676 498 vulgo
1718 450 1886 499 quere-

306 518 493 576 bantur,
543 515 718 578 quibus
775 515 835 563 de
891 530 1003 564 meo
1050 516 1190 564 celeri
1237 516 1391 565 reditu
1438 532 1538 564 non
1586 518 1886 580 probabam3

307 601 520 657 alteram,
557 599 618 646 de
653 613 750 661 qua
785 597 960 647 Brutus
997 607 1045 647 et
1080 599 1162 662 qui
1205 614 1303 646 una
1344 600 1685 647 erant—multi
1726 608 1886 647 autem

309 679 826 736 erant—laetabantur,
853 680 987 742 quod
1020 694 1127 727 eam
1165 680 1561 742 vituperationem
1593 680 1885 744 effugissem,

307 777 389 809 me
415 761 674 809 existimari
700 761 762 808 ad
788 761 1028 824 Olympia.
1090 760 1204 809 Hoc
1229 777 1341 809 vero
1367 761 1484 808 nihil
1507 762 1692 824 turpius
1717 762 1887 824 quovis

307 843 375 890 rei
417 841 640 905 publicae
681 849 916 904 tempore,
954 842 1039 890 sed
1079 842 1175 890 hoc
1216 843 1550 901 ἀναπολόγητον.
1621 842 1732 905 Ego
1773 858 1887 891 vero

308 932 470 972 austro
512 923 688 984 gratias
730 924 889 981 miras,
927 923 1010 986 qui
1047 938 1127 971 me
1169 939 1199 971 a
1240 930 1373 971 tanta
1414 923 1611 972 infamia
1651 926 1884 973 averterit.

311 1007 354 1053 6.
392 1004 702 1052 Reversionis
734 1004 820 1052 has
857 1000 1150 1069 [speciosas]
1190 1019 1362 1053 causas
1398 1004 1563 1064 habes,
1596 1006 1745 1054 iustas
1783 1006 1887 1054 illas

310 1087 507 1151 quidem
555 1095 603 1136 et
646 1101 864 1148 magnas,
915 1087 1002 1134 sed
1048 1086 1179 1134 nulla
1225 1087 1408 1145 iustior,
1456 1102 1603 1149 quarn
1651 1087 1785 1150 quod
1834 1095 1886 1135 tu

308 1170 439 1217 idem
474 1168 577 1216 aliis
611 1168 805 1218 litteris:
843 1173 855 1196 ‘
875 1169 1087 1231 provide,
1123 1169 1162 1216 si
1202 1169 1280 1216 cui
1323 1169 1440 1231 quid
1484 1170 1699 1228 debetur,
1736 1177 1789 1218 ut
1828 1170 1887 1217 sit

308 1251 438 1300 unde
462 1266 550 1313 par
574 1250 677 1314 pari
701 1250 1079 1313 respondeatur;
1116 1251 1317 1299 mirifica
1348 1252 1479 1299 enirn
1514 1253 1782 1312 δυσχρηστία
1814 1258 1886 1298 est

310 1341 506 1396 propter
530 1339 714 1380 metum
739 1330 1012 1380 armorum?
1060 1332 1119 1379 In
1142 1332 1265 1380 freto
1290 1333 1453 1380 medio
1477 1333 1605 1381 hanc
1628 1333 1885 1396 epistolam

311 1415 419 1477 legi,
455 1422 521 1473 ut,
559 1414 676 1476 quid
719 1428 917 1476 possem
957 1414 1223 1476 providere,
1260 1414 1310 1461 in
1357 1422 1570 1463 mentem
1618 1415 1734 1462 mihi
1782 1429 1884 1463 non
1957 1428 1959 1430 ·

311 1497 505 1554 veniret,
540 1496 633 1543 nisi
674 1495 807 1558 quod
848 1510 1076 1557 praesens
1116 1511 1196 1543 me
1237 1496 1341 1558 ipse
1390 1496 1715 1545 defenderem.
1788 1497 1884 1544 Sed

310 1579 430 1627 haec
458 1578 719 1635 hactenus3
757 1577 942 1640 reliqua
976 1592 1154 1625 coram.
1231 1588 1273 1639 7.
1312 1577 1511 1625 Antonii
1545 1579 1758 1626 edictum
1788 1579 1885 1640 legi

311 1678 339 1710 a
362 1660 529 1719 Bruto,
555 1668 602 1709 et
625 1659 799 1707 horum
825 1666 1021 1707 contra:
1059 1660 1289 1721 scriptum
1315 1660 1572 1722 praeclare.
1646 1660 1744 1708 Sed
1769 1661 1885 1724 quid

309 1743 400 1789 ista
425 1740 583 1789 edicta
607 1740 794 1788 valeant
818 1749 898 1788 aut
923 1755 1021 1803 quo
1048 1748 1280 1803 spectent,
1307 1741 1449 1803 plane
1479 1757 1581 1789 non
1613 1741 1768 1799 video,
1794 1758 1886 1790 nec

310 1838 405 1885 ego
447 1838 591 1881 nunc,
629 1830 681 1870 ut
723 1821 898 1872 Brutus
941 1824 1183 1882 censebat,
1220 1823 1341 1870 istuc
1384 1823 1446 1871 ad
1493 1838 1594 1870 rem
1642 1823 1885 1885 publicam

310 1904 662 1968 capessendam
704 1905 870 1963 veni03
916 1905 1033 1967 quid
1076 1905 1204 1951 enim
1246 1904 1348 1952 fieri
1389 1905 1581 1967 potest?
1624 1900 1740 1952 num
1779 1906 1886 1967 quis

310 1986 476 2034 Pisoni
523 1995 595 2034 est
643 1986 910 2034 adsensus?
953 2001 1070 2033 num
1112 1986 1252 2035 rediit
1299 1987 1404 2048 ipse
1451 1986 1716 2048 postridie?
1788 1986 1885 2034 Sed

310 2070 481 2115 abesse
516 2067 643 2115 hanc
680 2075 885 2115 aetatem
919 2068 1065 2129 longe
1101 2083 1130 2114 a
1166 2067 1388 2130 sepulcro
1424 2077 1606 2129 negant
1646 2077 1882 2130 oportere.

313 2150 356 2198 8.
396 2148 492 2196 Sed
516 2150 721 2196 obsecro
746 2157 806 2208 te,
833 2149 950 2212 quid
974 2157 1046 2195 est
1070 2148 1204 2210 quod
1230 2144 1391 2195 audivi
1415 2147 1475 2194 de
1502 2147 1686 2195 Bruto?
1717 2148 1885 2195 Piliam

309 2232 582 2291 πειράζεσθαι
604 2230 845 2290 παραλύσει
869 2238 915 2278 te
941 2230 1189 2292 scripsisse
1222 2229 1406 2276 aiebat:
1442 2229 1579 2277 valde
1613 2245 1722 2277 sum
1751 2246 1886 2279 com-

310 2319 499 2371 motus;
537 2312 625 2360 etsi
653 2312 784 2360 idem
821 2320 866 2359 te
903 2312 1108 2359 scribere
1145 2325 1336 2372 sperare
1372 2311 1556 2359 meliuS.
1628 2309 1705 2358 Ita
1740 2312 1885 2374 plane

310 2393 451 2441 velim
475 2401 522 2440 et
545 2393 593 2440 ei
611 2393 744 2441 dicas
767 2393 1022 2455 plurimam
1047 2392 1249 2444 salutem
1274 2400 1322 2438 et
1347 2392 1655 2440 suavissimae
1680 2394 1883 2442 Atticae.

312 2474 452 2521 Haec
508 2475 676 2537 scripsi
730 2475 978 2537 navigans,
1026 2488 1138 2522 cum
1186 2472 1540 2536 Pompeianum
1586 2475 1884 2534 accederem,

311 2570 428 2604 x1111.
455 2554 566 2604 Kal.
