2040 3048
296 71 401 121 280
540 79 603 120 M.
636 79 686 120 T.
717 79 1031 120 CICERONIS
1054 81 1145 120 ΕΡ.
1174 80 1255 120 AD
1284 81 1427 121 ΕΔΜ.
1457 82 1509 122 Χ.
1548 85 1631 135 24.

291 213 335 258 6.
383 210 778 274 Sed—quicquid
815 212 900 260 tibi
938 212 1111 270 scribe,
1149 212 1368 260 dolenter
1403 212 1676 261 mehercule
1713 214 1867 276 magis

291 307 439 356 quam
481 292 671 340 inimice
714 292 1044 356 facio—quod
1087 293 1198 341 vivit
1244 294 1486 342 Antonius
1532 294 1692 353 hodie,
1736 291 1869 355 quod

290 373 505 436 Lepidus
546 388 645 421 una
686 381 771 432 est,
818 375 947 437 quod
998 375 1233 424 exereitus
1280 375 1461 425 habent
1503 390 1604 424 non
1652 386 1868 424 contem-

290 455 493 513 nendOS,
521 455 655 517 quod
681 463 888 518 sperant,
915 456 1050 518 quod
1073 457 1268 518 audent,
1294 471 1441 506 omne
1468 457 1665 506 Caesari
1699 471 1869 518 accep·

290 545 391 585 tum
415 536 590 584 referre
616 544 836 599 possunt.
908 536 1082 601 Neque
1107 553 1202 601 ego
1228 541 1478 603 superiora
1501 548 1717 602 repetam
1732 555 1744 598 ;
1784 537 1870 586 sed

291 634 350 666 ex
384 633 444 666 eo
478 625 712 681 tempore,
739 633 838 682 quo
871 619 976 682 ipse
1008 619 1125 667 mihi
1158 620 1406 684 professus
1440 629 1513 669 est
1546 636 1598 669 se
1630 620 1806 679 venire,
1830 619 1869 666 si

291 700 451 748 venire
483 700 726 759 voluisset,
755 709 837 749 aut
869 715 1158 764 oppressum
1194 703 1291 751 iam
1326 704 1508 752 bellum
1544 711 1671 751 esset
1706 710 1787 750 aut
1821 702 1870 748 in

293 782 640 830 aversissimam
660 781 754 830 illis
780 781 1067 844 Hispaniam
1094 799 1204 831 cum
1231 784 1518 833 detrimento
1543 800 1710 834 eorum
1735 797 1870 831 max-

291 864 391 911 imo
417 871 675 912 extrusum.
725 863 890 923 .Quae
919 879 1058 913 mens
1092 880 1219 924 eum,
1245 875 1326 915 aut
1359 882 1569 930 quorum
1603 866 1814 923 consilia,
1841 881 1871 911 a

292 954 425 993 tanta
447 945 614 1008 gloria,
641 945 732 994 sibi
755 960 869 993 vero
895 946 1039 994 etiam
1065 948 1334 995 necessaria
1358 963 1415 997 ac
1441 948 1644 1006 salutari,
1664 947 1871 995 avocarit

293 1035 341 1075 et
387 1027 450 1075 ad
497 1026 840 1090 cogitationem
887 1028 1167 1077 consulatus
1213 1030 1452 1079 bimestris
1510 1045 1703 1079 summo
1759 1043 1870 1077 cum

293 1117 470 1156 terrore
494 1108 748 1156 hominurn
773 1117 820 1156 et
844 1108 1024 1157 insulsa
1048 1125 1159 1157 curn
1194 1110 1533 1173 efflagitatione
1565 1111 1867 1168 transtulerit,

294 1198 523 1252 exputare
548 1205 650 1238 non
675 1204 891 1254 possum.
953 1200 998 1251 7.
1024 1190 1235 1239 Multum
1259 1193 1308 1240 in
1331 1192 1422 1240 hac
1444 1208 1495 1241 re
1519 1192 1635 1240 mihi
1654 1193 1871 1242 videntur

294 1272 553 1320 necessarii
594 1273 697 1320 eius
733 1279 780 1319 et
814 1272 882 1320 rei
918 1273 1137 1335 publicae
1174 1281 1222 1322 et
1256 1274 1408 1337 ipsius
1449 1289 1594 1323 causa
1636 1275 1870 1338 proficere

292 1369 464 1416 posse;
514 1354 788 1417 plurimum,
829 1362 882 1402 ut
923 1362 1057 1416 puto,
1098 1363 1151 1403 tu
1192 1371 1403 1418 quoque,
1445 1357 1581 1405 cuius
1622 1357 1698 1404 ille
1740 1366 1871 1405 tanta

294 1437 464 1484 merita
488 1436 647 1494 habet,
674 1443 855 1498 quanta
885 1450 1035 1484 nemo
1067 1445 1256 1499 praeter
1288 1452 1367 1485 me
1384 1453 1398 1497 3
1436 1454 1705 1500 numquam
1739 1440 1869 1487 enim

293 1519 546 1566 obliviscar
581 1519 793 1566 maxima
827 1533 884 1566 ac
925 1518 1133 1580 plurima
1171 1534 1251 1566 me
1291 1520 1376 1567 tibi
1418 1521 1606 1568 debere.
1678 1521 1755 1569 De
1796 1522 1869 1570 his

293 1604 435 1650 rebus
476 1609 529 1649 ut
570 1602 783 1663 exigeret
824 1615 936 1648 cum
978 1615 1053 1660 ec,
1088 1601 1270 1649 Furnio
1312 1602 1552 1650 mandavi.
1624 1602 1775 1662 Quod
1816 1605 1870 1664 si,

294 1692 525 1747 quantam
569 1682 739 1740 debeo,
777 1682 992 1730 habuero
1028 1683 1158 1745 apud
1194 1697 1305 1730 eum
1341 1684 1687 1744 auctoritatem,
1726 1686 1870 1748 pluri-

294 1782 427 1814 mum
463 1766 623 1828 ipsum
658 1765 836 1812 iuvero.
909 1765 953 1812 8.
997 1763 1103 1811 Nos
1139 1764 1327 1811 interea·
1353 1764 1544 1813 duriore
1581 1766 1871 1816 condicione

293 1848 471 1895 bellum
529 1847 834 1905 sustinemus,
881 1845 1015 1909 quod
1065 1860 1224 1908 neque
1272 1846 1683 1908 expeditissimam
1733 1849 1871 1896 dimi-

292 1931 535 1980 cationem
571 1938 797 1992 putamus
832 1943 991 1990 neque
1033 1935 1198 1975 tamen
1238 1927 1523 1990 refugiendo
1566 1931 1871 1979 commissuri

294 2027 473 2065 sumus,
499 2019 552 2058 ut
583 2011 738 2058 maius
771 2010 1112 2057 detrimentum
1142 2024 1218 2058 res
1243 2010 1436 2071 publica
1461 2011 1679 2074 accipere
1705 2013 1870 2074 possit.

295 2092 445 2152 Quod
470 2093 508 2140 si
541 2099 623 2139 aut
656 2090 838 2139 Caesar
870 2105 923 2138 se
955 2091 1219 2153 respexerit
1252 2099 1333 2138 aut
1365 2089 1620 2140 Africanae
1654 2092 1872 2155 legiones

294 2175 508 2224 celeriter
545 2173 774 2231 venerint,
813 2186 1008 2219 securos
1049 2186 1136 2219 vos
1179 2173 1241 2219 ab
1283 2172 1374 2220 hac
1415 2181 1549 2235 parte
1597 2175 1871 2223 reddemus.

294 2256 389 2315 Tu,
414 2265 467 2304 ut
499 2254 755 2313 instituisti,
781 2268 860 2301 me
897 2253 1067 2314 diligas
1103 2268 1227 2316 rogo
1266 2255 1556 2318 proprieque
1593 2263 1731 2303 tuum
1766 2271 1873 2305 esse

295 2339 376 2386 tibi
403 2336 706 2402 persuadeas.
778 2334 841 2383 V.
866 2333 978 2383 Kal.
1005 2334 1136 2383 Sext.
1163 2350 1224 2382 ex
1250 2335 1432 2384 castris,
