2040 3048
286 78 317 129 6
747 86 810 129 M.
851 87 1046 128 TULLII
1083 86 1396 129 CICERONIS
1688 72 1801 148 [Pars
1827 88 1857 131 1.

284 218 418 267 cuius
453 220 587 269 modi
626 221 699 278 sit,
735 220 848 269 satis
886 220 1160 282 intellegere
1197 235 1296 268 non
1330 235 1545 282 possum,
1573 220 1659 268 sed
1690 226 1853 267 tamen

282 301 500 364 suspicor
524 303 585 350 ad
610 311 655 350 te
680 318 785 351 esse
811 302 1038 361 adlatum,
1059 318 1153 361 me,
1169 303 1219 350 in
1239 312 1408 350 senatu
1428 317 1539 350 cum
1558 303 1852 364 disputarem

281 384 546 445 permultos
594 400 700 433 esse
747 385 829 447 qui
876 400 978 432 rem
1025 384 1268 447 publicam
1317 398 1346 431 a
1391 399 1469 431 me
1518 392 1850 432 conservatam

282 464 510 524 dolerent,
536 465 713 514 dixisse
746 481 775 513 a
803 473 849 513 te
875 466 1177 528 propinquos
1202 474 1324 523 tuos,
1351 466 1525 528 quibus
1550 481 1727 527 negare
1754 481 1853 514 non

280 546 534 608 potuisseS,
559 547 841 610 impetrasse
877 555 929 595 ut
953 562 1011 595 ea
1043 562 1167 610 quae
1201 547 1447 595 statuisses
1483 547 1567 594 tibi
1599 548 1649 594 in
1683 556 1852 595 senatu

281 627 341 675 de
365 643 474 675 mea
496 627 636 676 laude
661 643 767 676 esse
792 628 997 676 dicenda
1020 629 1253 676 reticeres.
1317 627 1466 687 Quod
1491 644 1601 676 cum
1627 629 1851 686 dicerem,

281 707 394 756 illud
419 709 628 768 adiunxi,
655 710 772 757 mihi
796 717 957 758 tecum
983 710 1046 758 ita
1070 710 1374 773 dispertitum
1399 710 1610 758 officium
1634 709 1779 758 fuisse
1804 710 1853 757 in

279 790 346 837 rei
370 791 589 851 publicae
621 791 772 839 salute
803 792 1068 850 retinenda,
1093 801 1146 839 ut
1178 807 1272 854 ego
1305 792 1476 839 urbem
1509 808 1538 840 a
1574 792 1853 840 domesticis

279 870 464 919 insidiis
500 880 546 922 et
582 873 643 919 ab
678 873 907 921 intestino
945 873 1137 930 scelere,
1169 882 1221 921 tu
1256 873 1443 921 Italiam
1478 881 1526 921 et
1561 874 1623 921 ab
1659 874 1853 921 armatis

279 952 496 1001 hostibus
522 962 568 1001 et
593 955 654 1001 ab
678 955 868 1002 occulta
892 955 1223 1003 coniuratione
1244 953 1540 1013 defenderes,
1561 963 1704 1018 atque
1729 955 1853 1003 hanc

280 1042 495 1081 nostram
518 1035 636 1081 tanti
669 1043 718 1082 et
747 1043 846 1082 tam
880 1035 1108 1097 praeclari
1142 1035 1354 1083 muneris
1389 1035 1667 1083 societatem
1699 1051 1729 1083 a
1759 1037 1854 1084 tuis

279 1116 562 1179 propinquis
595 1115 943 1175 labefactatam,
970 1117 1066 1180 qui,
1093 1132 1205 1165 cum
1239 1125 1290 1163 tu
1325 1131 1354 1164 a
1388 1132 1467 1164 me
1492 1118 1635 1164 rebus
1660 1118 1852 1180 amplis-

280 1196 412 1244 simis
447 1205 587 1259 atque
625 1197 1121 1246 honorificentissimis
1163 1206 1360 1245 ornatus
1403 1213 1546 1257 esses,
1585 1198 1854 1247 timuissent

280 1293 342 1326 ne
374 1294 498 1341 quae
533 1279 651 1326 mihi
688 1295 798 1342 pars
833 1281 919 1328 abs
951 1289 998 1327 te
1034 1281 1290 1328 voluntatis
1326 1288 1521 1328 mutuae
1557 1281 1852 1330 tribueretur.

284 1375 322 1407 2.
376 1359 490 1408 Hoc
525 1361 575 1407 in
612 1377 838 1409 sermone
875 1377 985 1409 cum
1022 1378 1050 1409 a
1085 1377 1164 1409 me
1207 1370 1543 1424 exponeretur,
1581 1378 1706 1426 quae
1743 1379 1854 1412 mea

280 1443 576 1504 exspectatio
626 1442 792 1490 fuisset
839 1443 1066 1491 orationis
1115 1452 1225 1491 tuae
1273 1452 1552 1506 quantoque
1598 1444 1649 1490 in
1696 1460 1852 1492 errore

279 1531 489 1571 versatus
513 1539 684 1583 essem,
704 1525 805 1573 visa
829 1533 900 1572 est
924 1525 1076 1573 oratio
1101 1541 1202 1572 non
1227 1525 1500 1583 iniucunda,
1525 1533 1572 1573 et
1596 1526 1852 1574 mediocris

280 1604 478 1667 quidam
518 1613 591 1653 est
629 1605 752 1653 risus
792 1615 1091 1663 consecutus,
1129 1621 1231 1653 non
1271 1606 1320 1652 in
1361 1613 1422 1664 te,
1466 1606 1552 1654 sed
1598 1608 1755 1669 magis
1801 1608 1852 1654 in

278 1701 491 1735 errorem
513 1703 678 1735 meum
703 1695 751 1735 et
774 1687 906 1750 quod
938 1703 1017 1735 me
1050 1689 1137 1735 abs
1166 1696 1212 1734 te
1247 1688 1436 1750 cupisse
1459 1688 1651 1736 ‘laudari
1689 1698 1851 1752 aperte

280 1777 422 1832 atque
445 1769 654 1830 ingenue
681 1769 957 1817 confitebar.
1029 1769 1135 1816 Iam
1160 1768 1252 1816 hoc
1277 1784 1377 1816 non
1401 1777 1561 1831 potest
1589 1770 1639 1817 in
1671 1779 1717 1818 te
1750 1785 1849 1818 non

279 1850 541 1899 honorifice
564 1866 670 1899 esse
704 1852 897 1909 dictum,
923 1867 1002 1898 me
1032 1851 1082 1898 in
1115 1851 1387 1898 clarissimis
1417 1852 1538 1899 meis
1570 1861 1713 1915 atque
1749 1869 1849 1901 am-

278 1932 502 1993 plissimis
526 1932 668 1980 rebus
693 1940 856 1979 tamen
882 1932 1079 1995 aliquod
1114 1933 1444 1980 testimonium
1476 1942 1585 1981 tuae
1610 1935 1742 1983 vocis
1766 1935 1850 1984 ha-

278 2013 391 2061 bere
411 2012 632 2062 voluisse.
689 2029 733 2074 3.
771 2013 920 2073 Quod
939 2023 1100 2062 autem
1120 2015 1185 2061 ita
1204 2014 1385 2073 scribis,
1409 2020 1419 2040 ‘
1435 2030 1524 2077 pro
1543 2025 1711 2064 mutuo
1731 2018 1851 2065 inter

279 2109 370 2142 nos
405 2093 598 2153 animo,’
634 2095 750 2157 quid
782 2103 833 2143 tu
868 2096 1112 2144 existimes
1146 2111 1253 2144 esse
1287 2097 1336 2143 in
1372 2097 1579 2144 amicitia
1614 2108 1848 2158 mutuum,

278 2176 472 2236 nescio;
511 2177 736 2240 equidem
763 2177 857 2225 hoc
872 2178 1095 2235 arbitror,
1121 2194 1232 2226 cum
1257 2194 1345 2241 par
1367 2178 1586 2227 voluntas
1621 2181 1851 2244 accipitur

279 2266 325 2306 et
360 2257 583 2306 redditur.
652 2257 762 2321 Ego
799 2259 840 2306 si
874 2258 969 2306 hoc
1011 2259 1182 2317 dicam,
1219 2275 1298 2307 me
1339 2268 1421 2307 tua
1458 2275 1606 2310 causa
1644 2272 1848 2323 praeter-

278 2339 466 2387 misisse
512 2339 825 2401 provinciam,
869 2340 952 2387 tibi
999 2341 1103 2403 ipse
1144 2341 1292 2388 levior
1332 2342 1494 2389 videar
1535 2358 1669 2402 esse;
1711 2359 1848 2391 meae

280 2421 409 2468 enim
432 2421 642 2469 rationes
667 2421 731 2469 ita
754 2422 962 2469 tulerunt
986 2431 1129 2484 atque
1155 2423 1256 2471 eius
1280 2424 1374 2470 mei
1399 2424 1583 2471 consilii
1616 2425 1850 2473 maiorem

278 2502 330 2550 in
355 2502 455 2550 dies
479 2503 694 2564 singulos
719 2503 926 2550 fructum
950 2503 1342 2566 voluptatemque
1372 2506 1542 2568 capio:
1580 2506 1695 2554 illud
1723 2507 1847 2565 dico,

278 2599 371 2642 me,
390 2592 442 2631 ut
465 2585 674 2646 primum
698 2585 748 2632 in
767 2586 994 2634 contione
1013 2586 1310 2648 provinciam
1331 2588 1652 2650 deposuerim,
1673 2590 1846 2648 statim,

279 2681 424 2727 quem
463 2666 524 2713 ad
561 2667 764 2714 modum
805 2682 912 2715 eam
950 2668 1033 2715 tibi
1074 2668 1324 2727 traderem,
1362 2671 1575 2732 cogitare
1612 2672 1846 2734 coepisse.

280 2745 412 2795 Nihil
436 2747 545 2796 dico
577 2746 636 2796 de
662 2748 907 2797 sortitione
933 2757 1117 2798 vestra:
1154 2758 1339 2798 tantum
1372 2759 1419 2798 te
1453 2752 1684 2815 suspicari
1720 2753 1843 2813 volo,
