2040 3048
342 85 407 150 48
791 95 854 134 M.
900 94 1098 133 TULLII
1134 94 1450 132 CICERONIS
1738 81 1848 150 [Pars
1873 92 1906 134 1.

340 227 514 285 vexari,
562 227 630 276 sic
676 226 832 274 iacere
879 225 930 271 in
965 224 1171 273 lacrimis
1216 232 1264 271 et
1305 223 1557 272 sordibus!
1616 222 1760 285 idque
1806 219 1906 268 fieri

340 324 447 357 mea
489 307 643 370 culpa,
686 307 769 368 qui
807 313 991 354 ceteros
1030 305 1224 363 servavi,
1260 312 1312 352 ut
1351 319 1443 352 nos
1481 304 1774 367 periremus!
1862 318 1904 362 3.

341 390 491 450 Quod
527 390 587 438 de
627 390 777 437 domo
813 388 993 446 scribis,
1035 387 1130 435 hoc
1162 395 1234 435 est
1272 387 1333 435 de
1368 402 1494 443 area,
1529 401 1624 448 ego
1659 398 1771 433 vero
1803 392 1906 430 tum

341 472 548 533 denique
572 470 689 519 mihi
714 470 915 517 videbor
940 469 1197 527 restitutus,
1223 469 1263 516 si
1287 468 1366 516 illa
1389 468 1533 515 nobis
1557 467 1643 514 erit
1666 466 1905 523 restituta;

340 568 503 602 verum
528 552 648 601 haec
680 566 781 599 non
818 559 928 599 sunt
963 551 1013 598 in
1049 559 1213 598 nostra
1248 565 1426 598 manu:
1462 548 1576 596 illud
1601 547 1759 606 doleo,
1784 563 1908 610 quae

341 636 562 698 impensa
597 633 818 683 facienda
853 641 938 691 est,
973 633 1022 680 in
1057 634 1159 680 eius
1195 639 1381 695 partem
1415 638 1456 680 te
1489 631 1711 678 miseram
1745 638 1793 677 et
1828 629 1911 676 de·

342 717 598 779 spoliatam
635 715 811 764 venire.
883 714 1033 774 Quod
1074 714 1114 762 si
1160 714 1413 762 conficitur
1447 713 1710 775 negotium,
1745 711 1910 759 omnia

343 812 700 859 consequemur
717 812 730 855 3
782 796 857 843 sin
893 796 1067 846 eadem
1101 810 1194 843 nos
1235 794 1427 842 fortuna
1464 801 1666 857 premet,
1701 793 1910 841 etiamne

341 879 565 941 reliquias
589 885 696 925 tuas
722 877 898 924 misera
923 877 1163 939 proicies?
1201 876 1419 925 Obsecro
1443 883 1504 933 te,
1524 891 1634 922 mea
1650 875 1758 933 vita,
1777 875 1910 936 quod

342 960 403 1008 ad
451 967 696 1021 sumptum
738 958 917 1016 attinet,
966 959 1069 1019 sine
1111 958 1244 1016 alios,
1288 958 1372 1020 qui
1419 964 1636 1020 possunt,
1676 956 1715 1004 si
1759 956 1911 1003 modo

342 1041 522 1099 volunt,
562 1040 810 1097 sustinere,
848 1048 895 1087 et
929 1039 1252 1086 valetudinem
1287 1039 1427 1086 istam
1462 1038 1716 1096 infirmam,
1753 1038 1793 1085 si
1832 1052 1912 1084 me

343 1138 492 1181 amas,
519 1122 619 1169 noli
643 1136 847 1170 vexare:
883 1136 998 1168 narn
1017 1121 1135 1168 mihi
1159 1129 1270 1168 ante
1306 1119 1475 1168 oculos
1512 1120 1613 1168 dies
1649 1127 1913 1180 noctesque

342 1204 542 1251 versaris
555 1219 568 1262 ;
595 1217 768 1250 omnes
791 1202 981 1250 labores
1005 1210 1052 1250 te
1077 1202 1297 1266 excipere
1321 1202 1462 1250 video
1479 1218 1493 1262 3
1531 1202 1697 1258 timeo,
1722 1209 1776 1248 ut
1810 1215 1911 1248 sus-

342 1287 510 1334 tineas.
586 1283 683 1332 Sed
707 1284 849 1331 video
874 1284 924 1330 in
950 1292 996 1331 te
1021 1298 1128 1331 esse
1162 1283 1360 1331 omnia:
1397 1298 1493 1346 qua
1516 1298 1580 1341 re,
1607 1290 1659 1329 ut
1694 1282 1757 1339 id,
1782 1281 1914 1344 quod

346 1382 508 1430 speras
547 1373 595 1414 et
635 1365 771 1428 quod
809 1365 927 1427 agis,
967 1379 1337 1427 consequamur,
1372 1364 1494 1412 servi
1527 1363 1798 1411 valetudini.
1869 1380 1914 1423 4.

344 1448 469 1510 Ego,
507 1447 570 1495 ad
607 1461 732 1509 quos
774 1447 995 1505 scribam,
1031 1447 1213 1505 nescio,
1246 1446 1338 1494 nisi
1372 1446 1435 1494 ad
1471 1461 1568 1504 eos,
1611 1445 1693 1508 qui
1735 1445 1797 1493 ad
1838 1460 1916 1492 me

346 1530 575 1586 scribunt,
602 1536 684 1576 aut
707 1528 769 1575 ad
794 1542 893 1585 eOS,
914 1528 975 1576 de
1000 1528 1175 1590 quibus
1201 1528 1261 1576 ad
1285 1543 1364 1576 me
1385 1543 1470 1576 vos
1494 1528 1672 1590 aliquid
1698 1527 1914 1575 scribitis,

347 1611 584 1674 LongiuS,
628 1611 860 1672 quoniam
902 1612 969 1659 ita
1005 1611 1142 1658 vobis
1185 1610 1355 1674 placet,
1395 1626 1496 1658 non
1536 1611 1797 1669 discedam,
1831 1609 1917 1657 sed

346 1693 487 1741 velim
514 1707 662 1755 quam
690 1691 970 1754 saepissime
994 1691 1172 1740 litteras
1196 1692 1406 1750 mittatis,
1423 1692 1719 1754 praesertim,
1739 1692 1780 1739 si
1803 1691 1916 1754 quid

347 1784 419 1823 est
446 1775 643 1832 firmius,
664 1774 799 1836 quod
824 1787 1086 1836 speremus.
1134 1773 1317 1833 Valete,
1342 1789 1454 1822 mea
1477 1773 1727 1832 desideria,
1752 1774 1916 1820 valete.

348 1856 409 1904 D.
435 1872 479 1904 a.
507 1857 553 1905 d.
579 1872 647 1904 111.
673 1855 803 1903 Non.
830 1854 938 1904 Oct.
1012 1856 1376 1904 Thessalonica.

662 1993 737 2039 18.
810 1991 906 2039 AD
942 1957 1532 2049 FAMILIARES-XIV.
1576 2007 1617 2040 1.

356 2085 464 2134 ScR.
509 2084 826 2133 DYRRHACHH
870 2099 970 2133 A.D.
1008 2099 1072 2133 v1.
1110 2084 1238 2132 ΚΑΒ.
1280 2084 1575 2134 DECEMBRES
1620 2101 1758 2135 Aue.
1808 2087 1918 2148 696.

421 2188 633 2222 TULLIUS
668 2187 945 2221 TERENTIAE
980 2188 1116 2230 SUAE,
1152 2188 1428 2222 TULLIOLAE
1465 2189 1600 2232 SUAE,
1636 2190 1856 2223 CICERONI

873 2269 962 2303 SUO
996 2270 1220 2303 SALUTEM
1256 2271 1399 2304 D1C1T.

426 2360 466 2392 1.
499 2344 575 2392 ET
610 2343 774 2391 litteris
809 2342 1068 2391 multorum
1103 2351 1150 2391 et
1186 2345 1660 2392 sermone-omnium
1694 2344 1924 2407 perfertur

351 2426 413 2473 ad
449 2441 542 2484 me,
583 2424 916 2473 incredibilem
951 2433 1083 2473 tuam
1119 2425 1338 2473 virtutem
1359 2434 1422 2495 'et
1455 2425 1783 2474 fortitudinem
1817 2441 1924 2473 esse

351 2516 494 2570 teque
519 2522 609 2554 nec
635 2507 782 2554 animi
812 2521 972 2569 neque
996 2507 1213 2568 corporis
1237 2507 1481 2555 laboribus
1507 2506 1768 2569 defatigari.
1841 2506 1926 2555 Me

354 2589 609 2636 miserum!
667 2596 712 2635 te
755 2588 843 2635 ista
882 2588 1065 2646 virtute,
1103 2588 1212 2647 fide,
1250 2580 1501 2650 probitate,
1542 2588 1835 2647 humanitate
1875 2590 1924 2636 in

353 2679 509 2718 tantas
559 2684 816 2716 aerumnas
864 2676 1060 2731 propter
1106 2685 1185 2716 me
1225 2669 1481 2718 incidissel
1570 2667 1925 2732 Tulliolamque

353 2760 579 2808 nostram,
606 2766 664 2797 ex
705 2765 802 2814 quo
840 2758 974 2813 patre
1010 2759 1166 2799 tantas
1202 2750 1470 2814 voluptates
1507 2751 1739 2814 capiebat,
1768 2763 1924 2802 exeo
