<?xml version="1.0" encoding="UTF-8"?>
<!DOCTYPE html PUBLIC "-//W3C//DTD XHTML 1.0 Transitional//EN"
    "http://www.w3.org/TR/xhtml1/DTD/xhtml1-transitional.dtd">
<html xmlns="http://www.w3.org/1999/xhtml" xml:lang="en" lang="en">
 <head>
  <title>
</title>
<meta http-equiv="Content-Type" content="text/html;charset=utf-8" />
  <meta name='ocr-system' content='tesseract 3.04.00' />
  <meta name='ocr-capabilities' content='ocr_page ocr_carea ocr_par ocr_line ocrx_word'/>
</head>
<body>
  <div class='ocr_page' id='page_1' title='image "./epistolaeselecta00ciceuoft/epistolaeselecta00ciceuoft_0143.png"; bbox 0 0 2040 3048; ppageno 0'>
   <div class='ocr_carea' id='block_1_1' title="bbox 250 109 1709 165">
    <p class='ocr_par' dir='ltr' id='par_1_1' title="bbox 250 109 1709 165">
     <span class='ocr_line' id='line_1_1' title="bbox 250 109 1709 165; baseline -0.001 -11"><span class='ocrx_word' id='word_1_1' title='bbox 250 112 313 157; x_wconf 88' lang='lat' dir='ltr'>M.</span> <span class='ocrx_word' id='word_1_2' title='bbox 356 112 554 154; x_wconf 88' lang='lat' dir='ltr'><em>TULLII</em></span> <span class='ocrx_word' id='word_1_3' title='bbox 591 112 903 152; x_wconf 87' lang='lat' dir='ltr'><em>CICERONIS</em></span> <span class='ocrx_word' id='word_1_4' title='bbox 939 112 1031 151; x_wconf 84' lang='grc' dir='ltr'>ΕΡ.</span> <span class='ocrx_word' id='word_1_5' title='bbox 1061 110 1143 150; x_wconf 83' lang='lat' dir='ltr'>AD</span> <span class='ocrx_word' id='word_1_6' title='bbox 1166 109 1300 151; x_wconf 79' lang='lat' dir='ltr'><em>ATT,</em></span> <span class='ocrx_word' id='word_1_7' title='bbox 1338 110 1437 152; x_wconf 87' lang='lat' dir='ltr'><em>VII.</em></span> <span class='ocrx_word' id='word_1_8' title='bbox 1473 116 1552 152; x_wconf 84' lang='lat'>11.</span> <span class='ocrx_word' id='word_1_9' title='bbox 1616 110 1709 165; x_wconf 83' lang='lat'>127</span> 
     </span>
    </p>
   </div>
   <div class='ocr_carea' id='block_1_2' title="bbox 126 242 1716 2852">
    <p class='ocr_par' dir='ltr' id='par_1_2' title="bbox 126 242 1716 2354">
     <span class='ocr_line' id='line_1_2' title="bbox 127 242 1708 312; baseline -0.005 -15"><span class='ocrx_word' id='word_1_10' title='bbox 127 263 361 312; x_wconf 88' lang='lat' dir='ltr'>umquam</span> <span class='ocrx_word' id='word_1_11' title='bbox 386 251 462 294; x_wconf 70' lang='grc' dir='ltr'>τοῦ</span> <span class='ocrx_word' id='word_1_12' title='bbox 487 250 620 292; x_wconf 83' lang='grc' dir='ltr'>καλοῦ</span> <span class='ocrx_word' id='word_1_13' title='bbox 643 245 839 293; x_wconf 82' lang='lat' dir='ltr'>viderit!</span> <span class='ocrx_word' id='word_1_14' title='bbox 912 243 1075 307; x_wconf 85' lang='lat' dir='ltr'><strong>Atque</strong></span> <span class='ocrx_word' id='word_1_15' title='bbox 1099 243 1220 292; x_wconf 89' lang='lat' dir='ltr'>haec</span> <span class='ocrx_word' id='word_1_16' title='bbox 1258 243 1322 291; x_wconf 86' lang='lat' dir='ltr'>ait</span> <span class='ocrx_word' id='word_1_17' title='bbox 1358 243 1524 291; x_wconf 89' lang='lat' dir='ltr'>omnia</span> <span class='ocrx_word' id='word_1_18' title='bbox 1554 242 1708 290; x_wconf 88' lang='lat' dir='ltr'>facere</span> 
     </span>
     <span class='ocr_line' id='line_1_3' title="bbox 128 325 1708 392; baseline -0.004 -14"><span class='ocrx_word' id='word_1_19' title='bbox 128 346 179 379; x_wconf 91' lang='lat' dir='ltr'>se</span> <span class='ocrx_word' id='word_1_20' title='bbox 228 329 471 392; x_wconf 86' lang='lat' dir='ltr'>dignitatis</span> <span class='ocrx_word' id='word_1_21' title='bbox 520 342 681 375; x_wconf 89' lang='lat' dir='ltr'>causa.</span> <span class='ocrx_word' id='word_1_22' title='bbox 753 326 851 374; x_wconf 87' lang='lat' dir='ltr'>Ubi</span> <span class='ocrx_word' id='word_1_23' title='bbox 899 335 971 374; x_wconf 91' lang='lat' dir='ltr'>est</span> <span class='ocrx_word' id='word_1_24' title='bbox 1020 334 1181 374; x_wconf 91' lang='lat' dir='ltr'>autem</span> <span class='ocrx_word' id='word_1_25' title='bbox 1231 326 1439 388; x_wconf 85' lang='lat' dir='ltr'>dignitas</span> <span class='ocrx_word' id='word_1_26' title='bbox 1488 325 1580 372; x_wconf 90' lang='lat' dir='ltr'>nisi</span> <span class='ocrx_word' id='word_1_27' title='bbox 1627 325 1708 371; x_wconf 93' lang='lat' dir='ltr'>ubi</span> 
     </span>
     <span class='ocr_line' id='line_1_4' title="bbox 126 406 1709 471; baseline -0.006 -11"><span class='ocrx_word' id='word_1_28' title='bbox 126 412 383 460; x_wconf 87' lang='lat' dir='ltr'>honestas?</span> <span class='ocrx_word' id='word_1_29' title='bbox 419 411 678 459; x_wconf 92' lang='lat' dir='ltr'>honestum</span> <span class='ocrx_word' id='word_1_30' title='bbox 702 409 844 471; x_wconf 91' lang='lat' dir='ltr'>igitur</span> <span class='ocrx_word' id='word_1_31' title='bbox 864 408 1041 455; x_wconf 84' lang='lat' dir='ltr'>habere</span> <span class='ocrx_word' id='word_1_32' title='bbox 1066 408 1329 456; x_wconf 85' lang='lat' dir='ltr'>exercitum</span> <span class='ocrx_word' id='word_1_33' title='bbox 1356 406 1488 455; x_wconf 92' lang='lat' dir='ltr'>nullo</span> <span class='ocrx_word' id='word_1_34' title='bbox 1513 406 1709 469; x_wconf 89' lang='lat' dir='ltr'>publico</span> 
     </span>
     <span class='ocr_line' id='line_1_5' title="bbox 127 488 1709 555; baseline -0.005 -12"><span class='ocrx_word' id='word_1_35' title='bbox 127 494 363 543; x_wconf 84' lang='lat' dir='ltr'>consilio?</span> <span class='ocrx_word' id='word_1_36' title='bbox 406 507 645 555; x_wconf 91' lang='lat' dir='ltr'>occupare</span> <span class='ocrx_word' id='word_1_37' title='bbox 683 492 827 538; x_wconf 89' lang='lat' dir='ltr'>urbes</span> <span class='ocrx_word' id='word_1_38' title='bbox 876 490 1064 547; x_wconf 90' lang='lat' dir='ltr'>civium,</span> <span class='ocrx_word' id='word_1_39' title='bbox 1102 504 1200 552; x_wconf 93' lang='lat' dir='ltr'>quo</span> <span class='ocrx_word' id='word_1_40' title='bbox 1239 488 1421 536; x_wconf 88' lang='lat' dir='ltr'>facilior</span> <span class='ocrx_word' id='word_1_41' title='bbox 1458 489 1518 536; x_wconf 91' lang='lat' dir='ltr'>sit</span> <span class='ocrx_word' id='word_1_42' title='bbox 1553 488 1709 535; x_wconf 89' lang='lat' dir='ltr'>aditus</span> 
     </span>
     <span class='ocr_line' id='line_1_6' title="bbox 127 571 1711 639; baseline -0.005 -14"><span class='ocrx_word' id='word_1_43' title='bbox 127 578 189 625; x_wconf 85' lang='lat' dir='ltr'>ad</span> <span class='ocrx_word' id='word_1_44' title='bbox 227 575 462 639; x_wconf 81' lang='lat' dir='ltr'>patriam?</span> <span class='ocrx_word' id='word_1_45' title='bbox 521 579 661 635; x_wconf 85' lang='grc' dir='ltr'>χρεῶν</span> <span class='ocrx_word' id='word_1_46' title='bbox 701 574 931 630; x_wconf 82' lang='grc' dir='ltr'>ἀποκοπάς,</span> <span class='ocrx_word' id='word_1_47' title='bbox 976 573 1184 632; x_wconf 85' lang='grc' dir='ltr'>φυγάδων</span> <span class='ocrx_word' id='word_1_48' title='bbox 1225 571 1445 629; x_wconf 82' lang='grc' dir='ltr'>καθόδους,</span> <span class='ocrx_word' id='word_1_49' title='bbox 1488 580 1711 619; x_wconf 80' lang='lat' dir='ltr'>sescenta</span> 
     </span>
     <span class='ocr_line' id='line_1_7' title="bbox 127 656 621 713; baseline -0.008 -7"><span class='ocrx_word' id='word_1_50' title='bbox 127 658 218 706; x_wconf 93' lang='lat' dir='ltr'>alia</span> <span class='ocrx_word' id='word_1_51' title='bbox 244 658 425 706; x_wconf 90' lang='lat' dir='ltr'>scelera</span> <span class='ocrx_word' id='word_1_52' title='bbox 450 656 621 713; x_wconf 87' lang='lat' dir='ltr'>moliri,</span> 
     </span>
     <span class='ocr_line' id='line_1_8' title="bbox 425 738 1409 794; baseline -0.005 -11"><span class='ocrx_word' id='word_1_53' title='bbox 425 742 501 794; x_wconf 83' lang='grc' dir='ltr'>τὴν</span> <span class='ocrx_word' id='word_1_54' title='bbox 521 742 619 782; x_wconf 79' lang='grc' dir='ltr'>θεῶν</span> <span class='ocrx_word' id='word_1_55' title='bbox 639 739 838 792; x_wconf 76' lang='grc' dir='ltr'>μεγίστην</span> <span class='ocrx_word' id='word_1_56' title='bbox 856 738 955 780; x_wconf 77' lang='grc' dir='ltr'>ὥστ’</span> <span class='ocrx_word' id='word_1_57' title='bbox 975 739 1087 792; x_wconf 77' lang='grc' dir='ltr'>ἔχειν</span> <span class='ocrx_word' id='word_1_58' title='bbox 1107 738 1312 793; x_wconf 78' lang='grc' dir='ltr'>τυραννίδα</span> <span class='ocrx_word' id='word_1_59' title='bbox 1324 739 1409 778; x_wconf 75' lang='lat'>—?</span> 
     </span>
     <span class='ocr_line' id='line_1_9' title="bbox 128 815 1710 871; baseline -0.003 0"><span class='ocrx_word' id='word_1_60' title='bbox 128 823 227 871; x_wconf 88' lang='lat' dir='ltr'>Sibi</span> <span class='ocrx_word' id='word_1_61' title='bbox 274 822 449 870; x_wconf 91' lang='lat' dir='ltr'>habeat</span> <span class='ocrx_word' id='word_1_62' title='bbox 497 836 635 869; x_wconf 89' lang='lat' dir='ltr'>suam</span> <span class='ocrx_word' id='word_1_63' title='bbox 684 819 957 867; x_wconf 83' lang='lat' dir='ltr'>fortunam!</span> <span class='ocrx_word' id='word_1_64' title='bbox 1020 833 1169 866; x_wconf 88' lang='lat' dir='ltr'>unam</span> <span class='ocrx_word' id='word_1_65' title='bbox 1227 815 1502 866; x_wconf 85' lang='lat' dir='ltr'><strong>mehercule</strong></span> <span class='ocrx_word' id='word_1_66' title='bbox 1548 825 1710 866; x_wconf 88' lang='lat' dir='ltr'>tecum</span> 
     </span>
     <span class='ocr_line' id='line_1_10' title="bbox 131 900 1710 967; baseline -0.004 -14"><span class='ocrx_word' id='word_1_67' title='bbox 131 904 478 967; x_wconf 88' lang='lat' dir='ltr'>apricationem</span> <span class='ocrx_word' id='word_1_68' title='bbox 503 903 552 949; x_wconf 93' lang='lat' dir='ltr'>in</span> <span class='ocrx_word' id='word_1_69' title='bbox 577 902 656 949; x_wconf 95' lang='lat' dir='ltr'>illo</span> <span class='ocrx_word' id='word_1_70' title='bbox 683 901 914 949; x_wconf 91' lang='lat' dir='ltr'>lucrativo</span> <span class='ocrx_word' id='word_1_71' title='bbox 939 909 1022 948; x_wconf 89' lang='lat' dir='ltr'>tuo</span> <span class='ocrx_word' id='word_1_72' title='bbox 1049 900 1149 948; x_wconf 91' lang='lat' dir='ltr'>sole</span> <span class='ocrx_word' id='word_1_73' title='bbox 1174 901 1339 948; x_wconf 87' lang='lat' dir='ltr'>malim</span> <span class='ocrx_word' id='word_1_74' title='bbox 1364 915 1511 963; x_wconf 89' lang='lat' dir='ltr'>quam</span> <span class='ocrx_word' id='word_1_75' title='bbox 1545 901 1710 947; x_wconf 89' lang='lat' dir='ltr'>omnia</span> 
     </span>
     <span class='ocr_line' id='line_1_11' title="bbox 127 981 1709 1046; baseline -0.004 -12"><span class='ocrx_word' id='word_1_76' title='bbox 127 987 261 1036; x_wconf 89' lang='lat' dir='ltr'>istius</span> <span class='ocrx_word' id='word_1_77' title='bbox 298 985 432 1033; x_wconf 87' lang='lat' dir='ltr'>modi</span> <span class='ocrx_word' id='word_1_78' title='bbox 468 999 634 1046; x_wconf 90' lang='lat' dir='ltr'>regna,</span> <span class='ocrx_word' id='word_1_79' title='bbox 671 983 744 1031; x_wconf 92' lang='lat' dir='ltr'>vel</span> <span class='ocrx_word' id='word_1_80' title='bbox 787 983 948 1046; x_wconf 91' lang='lat' dir='ltr'>potius</span> <span class='ocrx_word' id='word_1_81' title='bbox 996 982 1120 1030; x_wconf 89' lang='lat' dir='ltr'>mori</span> <span class='ocrx_word' id='word_1_82' title='bbox 1157 983 1326 1030; x_wconf 90' lang='lat' dir='ltr'>millies</span> <span class='ocrx_word' id='word_1_83' title='bbox 1363 997 1511 1045; x_wconf 90' lang='lat' dir='ltr'>quam</span> <span class='ocrx_word' id='word_1_84' title='bbox 1561 981 1709 1030; x_wconf 89' lang='lat' dir='ltr'>semel</span> 
     </span>
     <span class='ocr_line' id='line_1_12' title="bbox 128 1061 1710 1131; baseline -0.003 -16"><span class='ocrx_word' id='word_1_85' title='bbox 128 1070 262 1117; x_wconf 84' lang='lat' dir='ltr'>istius</span> <span class='ocrx_word' id='word_1_86' title='bbox 297 1067 432 1115; x_wconf 91' lang='lat' dir='ltr'>modi</span> <span class='ocrx_word' id='word_1_87' title='bbox 468 1067 731 1131; x_wconf 89' lang='lat' dir='ltr'>quicquam</span> <span class='ocrx_word' id='word_1_88' title='bbox 768 1065 993 1127; x_wconf 87' lang='lat' dir='ltr'>cogitare.</span> <span class='ocrx_word' id='word_1_89' title='bbox 1073 1081 1113 1113; x_wconf 90' lang='lat'>2.</span> <span class='ocrx_word' id='word_1_90' title='bbox 1166 1063 1329 1124; x_wconf 88' lang='lat' dir='ltr'>‘Quid</span> <span class='ocrx_word' id='word_1_91' title='bbox 1372 1064 1411 1111; x_wconf 91' lang='lat' dir='ltr'>si</span> <span class='ocrx_word' id='word_1_92' title='bbox 1446 1072 1499 1111; x_wconf 93' lang='lat' dir='ltr'>tu</span> <span class='ocrx_word' id='word_1_93' title='bbox 1535 1061 1710 1111; x_wconf 86' lang='lat' dir='ltr'>velis?’</span> 
     </span>
     <span class='ocr_line' id='line_1_13' title="bbox 128 1144 1709 1215; baseline -0.004 -16"><span class='ocrx_word' id='word_1_94' title='bbox 128 1151 300 1215; x_wconf 86' lang='lat' dir='ltr'>inquis.</span> <span class='ocrx_word' id='word_1_95' title='bbox 371 1150 480 1212; x_wconf 85' lang='lat' dir='ltr'>Age</span> <span class='ocrx_word' id='word_1_96' title='bbox 506 1148 612 1211; x_wconf 92' lang='lat' dir='ltr'>quis</span> <span class='ocrx_word' id='word_1_97' title='bbox 638 1155 722 1206; x_wconf 88' lang='lat' dir='ltr'>est,</span> <span class='ocrx_word' id='word_1_98' title='bbox 750 1147 827 1195; x_wconf 91' lang='lat' dir='ltr'>cui</span> <span class='ocrx_word' id='word_1_99' title='bbox 851 1147 970 1195; x_wconf 94' lang='lat' dir='ltr'>velle</span> <span class='ocrx_word' id='word_1_100' title='bbox 995 1162 1096 1195; x_wconf 92' lang='lat' dir='ltr'>non</span> <span class='ocrx_word' id='word_1_101' title='bbox 1122 1147 1295 1195; x_wconf 87' lang='lat' dir='ltr'>liceat?</span> <span class='ocrx_word' id='word_1_102' title='bbox 1367 1146 1464 1193; x_wconf 90' lang='lat' dir='ltr'>Sed</span> <span class='ocrx_word' id='word_1_103' title='bbox 1496 1160 1590 1207; x_wconf 90' lang='lat' dir='ltr'>ego</span> <span class='ocrx_word' id='word_1_104' title='bbox 1615 1144 1709 1193; x_wconf 92' lang='lat' dir='ltr'>hoc</span> 
     </span>
     <span class='ocr_line' id='line_1_14' title="bbox 127 1227 1711 1297; baseline -0.006 -15"><span class='ocrx_word' id='word_1_105' title='bbox 127 1236 290 1297; x_wconf 90' lang='lat' dir='ltr'>ipsum</span> <span class='ocrx_word' id='word_1_106' title='bbox 330 1230 449 1278; x_wconf 89' lang='lat' dir='ltr'>velle</span> <span class='ocrx_word' id='word_1_107' title='bbox 487 1230 707 1278; x_wconf 89' lang='lat' dir='ltr'>miserius</span> <span class='ocrx_word' id='word_1_108' title='bbox 745 1244 853 1278; x_wconf 91' lang='lat' dir='ltr'>esse</span> <span class='ocrx_word' id='word_1_109' title='bbox 896 1230 1023 1278; x_wconf 95' lang='lat' dir='ltr'>duco</span> <span class='ocrx_word' id='word_1_110' title='bbox 1067 1245 1215 1292; x_wconf 88' lang='lat' dir='ltr'>quam</span> <span class='ocrx_word' id='word_1_111' title='bbox 1254 1229 1304 1275; x_wconf 92' lang='lat' dir='ltr'>in</span> <span class='ocrx_word' id='word_1_112' title='bbox 1347 1243 1542 1276; x_wconf 89' lang='lat' dir='ltr'>crucem</span> <span class='ocrx_word' id='word_1_113' title='bbox 1583 1227 1711 1285; x_wconf 91' lang='lat' dir='ltr'>tolli;</span> 
     </span>
     <span class='ocr_line' id='line_1_15' title="bbox 127 1308 1713 1374; baseline -0.005 -11"><span class='ocrx_word' id='word_1_114' title='bbox 127 1330 226 1363; x_wconf 90' lang='lat' dir='ltr'>una</span> <span class='ocrx_word' id='word_1_115' title='bbox 256 1327 333 1362; x_wconf 91' lang='lat' dir='ltr'>res</span> <span class='ocrx_word' id='word_1_116' title='bbox 364 1320 436 1367; x_wconf 87' lang='lat' dir='ltr'>est</span> <span class='ocrx_word' id='word_1_117' title='bbox 469 1328 527 1359; x_wconf 88' lang='lat' dir='ltr'>ea</span> <span class='ocrx_word' id='word_1_118' title='bbox 562 1312 794 1370; x_wconf 89' lang='lat' dir='ltr'>miserior,</span> <span class='ocrx_word' id='word_1_119' title='bbox 823 1311 1023 1374; x_wconf 88' lang='lat' dir='ltr'>adipisci</span> <span class='ocrx_word' id='word_1_120' title='bbox 1061 1310 1195 1373; x_wconf 92' lang='lat' dir='ltr'>quod</span> <span class='ocrx_word' id='word_1_121' title='bbox 1230 1310 1296 1357; x_wconf 91' lang='lat' dir='ltr'>ita</span> <span class='ocrx_word' id='word_1_122' title='bbox 1319 1309 1539 1357; x_wconf 90' lang='lat' dir='ltr'>volueris.</span> <span class='ocrx_word' id='word_1_123' title='bbox 1617 1308 1713 1356; x_wconf 91' lang='lat' dir='ltr'>Sed</span> 
     </span>
     <span class='ocr_line' id='line_1_16' title="bbox 127 1392 1714 1454; baseline -0.006 -9"><span class='ocrx_word' id='word_1_124' title='bbox 127 1397 247 1445; x_wconf 86' lang='lat' dir='ltr'>haec</span> <span class='ocrx_word' id='word_1_125' title='bbox 282 1396 546 1454; x_wconf 81' lang='lat' dir='ltr'>hactenus3</span> <span class='ocrx_word' id='word_1_126' title='bbox 584 1395 788 1442; x_wconf 87' lang='lat' dir='ltr'>libenter</span> <span class='ocrx_word' id='word_1_127' title='bbox 823 1394 956 1442; x_wconf 91' lang='lat' dir='ltr'>enim</span> <span class='ocrx_word' id='word_1_128' title='bbox 996 1394 1047 1441; x_wconf 91' lang='lat' dir='ltr'>in</span> <span class='ocrx_word' id='word_1_129' title='bbox 1083 1393 1157 1442; x_wconf 91' lang='lat' dir='ltr'>his</span> <span class='ocrx_word' id='word_1_130' title='bbox 1193 1392 1426 1441; x_wconf 88' lang='lat' dir='ltr'>molestiis</span> <span class='ocrx_word' id='word_1_131' title='bbox 1463 1394 1714 1451; x_wconf 83' lang='grc' dir='ltr'>ἐνσχολάζω</span> 
     </span>
     <span class='ocr_line' id='line_1_17' title="bbox 128 1472 1714 1538; baseline -0.001 -17"><span class='ocrx_word' id='word_1_132' title='bbox 128 1485 325 1536; x_wconf 63' lang='grc' dir='ltr'>Τεοσοιν.</span> <span class='ocrx_word' id='word_1_133' title='bbox 411 1492 455 1538; x_wconf 84' lang='lat'>3.</span> <span class='ocrx_word' id='word_1_134' title='bbox 493 1476 772 1524; x_wconf 88' lang='lat' dir='ltr'>Redeamus</span> <span class='ocrx_word' id='word_1_135' title='bbox 797 1475 858 1523; x_wconf 90' lang='lat' dir='ltr'>ad</span> <span class='ocrx_word' id='word_1_136' title='bbox 891 1483 1142 1524; x_wconf 87' lang='lat' dir='ltr'>nostrum:</span> <span class='ocrx_word' id='word_1_137' title='bbox 1180 1491 1267 1538; x_wconf 91' lang='lat' dir='ltr'>per</span> <span class='ocrx_word' id='word_1_138' title='bbox 1290 1474 1534 1522; x_wconf 84' lang='lat' dir='ltr'>fortunas!</span> <span class='ocrx_word' id='word_1_139' title='bbox 1572 1472 1714 1535; x_wconf 87' lang='lat' dir='ltr'>quale</span> 
     </span>
     <span class='ocr_line' id='line_1_18' title="bbox 131 1555 1713 1622; baseline -0.005 -12"><span class='ocrx_word' id='word_1_140' title='bbox 131 1562 214 1610; x_wconf 91' lang='lat' dir='ltr'>tibi</span> <span class='ocrx_word' id='word_1_141' title='bbox 248 1559 505 1608; x_wconf 91' lang='lat' dir='ltr'>consilium</span> <span class='ocrx_word' id='word_1_142' title='bbox 529 1558 750 1620; x_wconf 89' lang='lat' dir='ltr'>Pompeii</span> <span class='ocrx_word' id='word_1_143' title='bbox 775 1557 992 1606; x_wconf 84' lang='lat' dir='ltr'>videtur?</span> <span class='ocrx_word' id='word_1_144' title='bbox 1028 1557 1124 1606; x_wconf 91' lang='lat' dir='ltr'>hoc</span> <span class='ocrx_word' id='word_1_145' title='bbox 1154 1572 1349 1622; x_wconf 90' lang='lat' dir='ltr'>quaero,</span> <span class='ocrx_word' id='word_1_146' title='bbox 1376 1556 1508 1619; x_wconf 92' lang='lat' dir='ltr'>quod</span> <span class='ocrx_word' id='word_1_147' title='bbox 1543 1555 1713 1603; x_wconf 90' lang='lat' dir='ltr'>urbem</span> 
     </span>
     <span class='ocr_line' id='line_1_19' title="bbox 131 1637 1713 1705; baseline -0.004 -14"><span class='ocrx_word' id='word_1_148' title='bbox 131 1642 379 1705; x_wconf 89' lang='lat' dir='ltr'>reliquerit.</span> <span class='ocrx_word' id='word_1_149' title='bbox 476 1639 586 1702; x_wconf 92' lang='lat' dir='ltr'>Ego</span> <span class='ocrx_word' id='word_1_150' title='bbox 645 1640 776 1687; x_wconf 90' lang='lat' dir='ltr'>enim</span> <span class='ocrx_word' id='word_1_151' title='bbox 824 1641 983 1701; x_wconf 81' lang='grc' dir='ltr'>ἀπορῶ.</span> <span class='ocrx_word' id='word_1_152' title='bbox 1077 1640 1209 1688; x_wconf 90' lang='lat' dir='ltr'>Tum</span> <span class='ocrx_word' id='word_1_153' title='bbox 1270 1639 1386 1686; x_wconf 92' lang='lat' dir='ltr'>nihil</span> <span class='ocrx_word' id='word_1_154' title='bbox 1446 1637 1713 1686; x_wconf 88' lang='lat' dir='ltr'>absurdius.</span> 
     </span>
     <span class='ocr_line' id='line_1_20' title="bbox 129 1718 1713 1785; baseline -0.004 -13"><span class='ocrx_word' id='word_1_155' title='bbox 129 1724 315 1772; x_wconf 84' lang='lat' dir='ltr'>Urbem</span> <span class='ocrx_word' id='word_1_156' title='bbox 338 1730 390 1770; x_wconf 91' lang='lat' dir='ltr'>tu</span> <span class='ocrx_word' id='word_1_157' title='bbox 414 1723 691 1785; x_wconf 86' lang='lat' dir='ltr'>relinquas?</span> <span class='ocrx_word' id='word_1_158' title='bbox 728 1736 845 1784; x_wconf 92' lang='lat' dir='ltr'>ergo</span> <span class='ocrx_word' id='word_1_159' title='bbox 871 1722 1016 1781; x_wconf 88' lang='lat' dir='ltr'>idem,</span> <span class='ocrx_word' id='word_1_160' title='bbox 1043 1722 1082 1770; x_wconf 91' lang='lat' dir='ltr'>si</span> <span class='ocrx_word' id='word_1_161' title='bbox 1110 1721 1236 1770; x_wconf 87' lang='lat' dir='ltr'>Galli</span> <span class='ocrx_word' id='word_1_162' title='bbox 1261 1721 1488 1770; x_wconf 89' lang='lat' dir='ltr'>venirent.</span> <span class='ocrx_word' id='word_1_163' title='bbox 1568 1723 1580 1744; x_wconf 90' lang='lat'>‘</span> <span class='ocrx_word' id='word_1_164' title='bbox 1597 1718 1713 1766; x_wconf 93' lang='lat' dir='ltr'>Non</span> 
     </span>
     <span class='ocr_line' id='line_1_21' title="bbox 130 1801 1714 1867; baseline -0.005 -12"><span class='ocrx_word' id='word_1_165' title='bbox 130 1803 233 1855; x_wconf 87' lang='lat' dir='ltr'>est&#39;</span> <span class='ocrx_word' id='word_1_166' title='bbox 283 1805 438 1867; x_wconf 91' lang='lat' dir='ltr'>inquit</span> <span class='ocrx_word' id='word_1_167' title='bbox 484 1804 565 1850; x_wconf 90' lang='lat' dir='ltr'>‘in</span> <span class='ocrx_word' id='word_1_168' title='bbox 599 1804 864 1866; x_wconf 90' lang='lat' dir='ltr'>parietibus</span> <span class='ocrx_word' id='word_1_169' title='bbox 909 1819 985 1852; x_wconf 92' lang='lat' dir='ltr'>res</span> <span class='ocrx_word' id='word_1_170' title='bbox 1023 1802 1246 1866; x_wconf 88' lang='lat' dir='ltr'>publica.’</span> <span class='ocrx_word' id='word_1_171' title='bbox 1318 1803 1384 1850; x_wconf 93' lang='lat' dir='ltr'>At</span> <span class='ocrx_word' id='word_1_172' title='bbox 1426 1803 1477 1849; x_wconf 90' lang='lat' dir='ltr'>in</span> <span class='ocrx_word' id='word_1_173' title='bbox 1525 1801 1618 1848; x_wconf 91' lang='lat' dir='ltr'>aris</span> <span class='ocrx_word' id='word_1_174' title='bbox 1666 1807 1714 1847; x_wconf 91' lang='lat' dir='ltr'>et</span> 
     </span>
     <span class='ocr_line' id='line_1_22' title="bbox 131 1883 1709 1945; baseline -0.004 -9"><span class='ocrx_word' id='word_1_175' title='bbox 131 1887 266 1936; x_wconf 87' lang='lat' dir='ltr'>focis.</span> <span class='ocrx_word' id='word_1_176' title='bbox 340 1886 502 1934; x_wconf 90' lang='lat' dir='ltr'>‘Fecit</span> <span class='ocrx_word' id='word_1_177' title='bbox 545 1885 934 1945; x_wconf 87' lang='lat' dir='ltr'>Themistocles;</span> <span class='ocrx_word' id='word_1_178' title='bbox 989 1885 1190 1933; x_wconf 91' lang='lat' dir='ltr'>fluctum</span> <span class='ocrx_word' id='word_1_179' title='bbox 1240 1885 1371 1933; x_wconf 90' lang='lat' dir='ltr'>enim</span> <span class='ocrx_word' id='word_1_180' title='bbox 1414 1883 1561 1931; x_wconf 91' lang='lat' dir='ltr'>totius</span> <span class='ocrx_word' id='word_1_181' title='bbox 1601 1884 1709 1930; x_wconf 88' lang='lat' dir='ltr'>bar-</span> 
     </span>
     <span class='ocr_line' id='line_1_23' title="bbox 131 1965 1715 2031; baseline -0.003 -14"><span class='ocrx_word' id='word_1_182' title='bbox 131 1971 292 2018; x_wconf 90' lang='lat' dir='ltr'>bariae</span> <span class='ocrx_word' id='word_1_183' title='bbox 317 1968 442 2017; x_wconf 90' lang='lat' dir='ltr'>ferre</span> <span class='ocrx_word' id='word_1_184' title='bbox 466 1968 582 2016; x_wconf 88' lang='lat' dir='ltr'>urbs</span> <span class='ocrx_word' id='word_1_185' title='bbox 606 1983 705 2016; x_wconf 90' lang='lat' dir='ltr'>una</span> <span class='ocrx_word' id='word_1_186' title='bbox 738 1983 839 2016; x_wconf 91' lang='lat' dir='ltr'>non</span> <span class='ocrx_word' id='word_1_187' title='bbox 864 1968 1081 2031; x_wconf 90' lang='lat' dir='ltr'>poterat.&#39;</span> <span class='ocrx_word' id='word_1_188' title='bbox 1131 1968 1197 2015; x_wconf 94' lang='lat' dir='ltr'>At</span> <span class='ocrx_word' id='word_1_189' title='bbox 1219 1967 1350 2015; x_wconf 90' lang='lat' dir='ltr'>idem</span> <span class='ocrx_word' id='word_1_190' title='bbox 1375 1965 1581 2014; x_wconf 89' lang='lat' dir='ltr'>Pericles</span> <span class='ocrx_word' id='word_1_191' title='bbox 1613 1980 1715 2012; x_wconf 92' lang='lat' dir='ltr'>non</span> 
     </span>
     <span class='ocr_line' id='line_1_24' title="bbox 131 2050 1716 2113; baseline -0.003 -14"><span class='ocrx_word' id='word_1_192' title='bbox 131 2051 256 2110; x_wconf 90' lang='lat' dir='ltr'>fecit,</span> <span class='ocrx_word' id='word_1_193' title='bbox 307 2066 491 2100; x_wconf 88' lang='lat' dir='ltr'>annum</span> <span class='ocrx_word' id='word_1_194' title='bbox 539 2050 637 2098; x_wconf 90' lang='lat' dir='ltr'>fere</span> <span class='ocrx_word' id='word_1_195' title='bbox 686 2058 796 2113; x_wconf 93' lang='lat' dir='ltr'>post</span> <span class='ocrx_word' id='word_1_196' title='bbox 844 2050 1319 2112; x_wconf 89' lang='lat' dir='ltr'>quinquagesimum,</span> <span class='ocrx_word' id='word_1_197' title='bbox 1368 2064 1480 2097; x_wconf 88' lang='lat' dir='ltr'>curn</span> <span class='ocrx_word' id='word_1_198' title='bbox 1528 2055 1716 2110; x_wconf 91' lang='lat' dir='ltr'>praeter</span> 
     </span>
     <span class='ocr_line' id='line_1_25' title="bbox 131 2131 1715 2193; baseline -0.005 -7"><span class='ocrx_word' id='word_1_199' title='bbox 131 2134 326 2186; x_wconf 90' lang='lat' dir='ltr'>moenia</span> <span class='ocrx_word' id='word_1_200' title='bbox 367 2133 484 2180; x_wconf 91' lang='lat' dir='ltr'>nihil</span> <span class='ocrx_word' id='word_1_201' title='bbox 523 2141 720 2192; x_wconf 89' lang='lat' dir='ltr'>teneret,</span> <span class='ocrx_word' id='word_1_202' title='bbox 762 2138 807 2181; x_wconf 82' lang='lat' dir='ltr'>et</span> <span class='ocrx_word' id='word_1_203' title='bbox 844 2132 993 2181; x_wconf 88' lang='lat' dir='ltr'>nostri</span> <span class='ocrx_word' id='word_1_204' title='bbox 1032 2132 1149 2180; x_wconf 91' lang='lat' dir='ltr'>olim</span> <span class='ocrx_word' id='word_1_205' title='bbox 1187 2133 1308 2182; x_wconf 87' lang='lat' dir='ltr'>urbe</span> <span class='ocrx_word' id='word_1_206' title='bbox 1351 2131 1536 2193; x_wconf 92' lang='lat' dir='ltr'>reliqua</span> <span class='ocrx_word' id='word_1_207' title='bbox 1574 2137 1715 2193; x_wconf 87' lang='lat' dir='ltr'>capta</span> 
     </span>
     <span class='ocr_line' id='line_1_26' title="bbox 131 2216 828 2266; baseline -0.006 -1"><span class='ocrx_word' id='word_1_208' title='bbox 131 2231 293 2266; x_wconf 86' lang='lat' dir='ltr'>arcem</span> <span class='ocrx_word' id='word_1_209' title='bbox 317 2223 481 2263; x_wconf 85' lang='lat' dir='ltr'>tamen</span> <span class='ocrx_word' id='word_1_210' title='bbox 505 2216 828 2263; x_wconf 91' lang='lat' dir='ltr'>retinuerunt:</span> 
     </span>
     <span class='ocr_line' id='line_1_27' title="bbox 394 2299 1445 2354; baseline -0.003 -13"><span class='ocrx_word' id='word_1_211' title='bbox 394 2300 498 2342; x_wconf 80' lang='grc' dir='ltr'>οὕτω</span> <span class='ocrx_word' id='word_1_212' title='bbox 516 2317 590 2342; x_wconf 90' lang='grc' dir='ltr'>που</span> <span class='ocrx_word' id='word_1_213' title='bbox 610 2302 691 2342; x_wconf 80' lang='grc' dir='ltr'>τῶν</span> <span class='ocrx_word' id='word_1_214' title='bbox 710 2300 881 2354; x_wconf 86' lang='grc' dir='ltr'>πρόσθεν</span> <span class='ocrx_word' id='word_1_215' title='bbox 902 2300 1145 2349; x_wconf 78' lang='grc' dir='ltr'>ἐπευθόμεθα</span> <span class='ocrx_word' id='word_1_216' title='bbox 1164 2299 1265 2340; x_wconf 80' lang='grc' dir='ltr'>κλέα</span> <span class='ocrx_word' id='word_1_217' title='bbox 1285 2299 1445 2352; x_wconf 83' lang='grc' dir='ltr'>ἀνδρῶν.</span> 
     </span>
    </p>

    <p class='ocr_par' dir='ltr' id='par_1_3' title="bbox 134 2378 1714 2852">
     <span class='ocr_line' id='line_1_28' title="bbox 136 2378 1713 2443; baseline -0.002 -14"><span class='ocrx_word' id='word_1_218' title='bbox 136 2398 180 2440; x_wconf 88' lang='grc'>4.</span> <span class='ocrx_word' id='word_1_219' title='bbox 217 2380 404 2428; x_wconf 89' lang='lat' dir='ltr'>Rursus</span> <span class='ocrx_word' id='word_1_220' title='bbox 453 2387 615 2428; x_wconf 87' lang='lat' dir='ltr'>autem</span> <span class='ocrx_word' id='word_1_221' title='bbox 663 2395 725 2428; x_wconf 85' lang='lat' dir='ltr'>ex</span> <span class='ocrx_word' id='word_1_222' title='bbox 775 2380 942 2443; x_wconf 90' lang='lat' dir='ltr'>dolore</span> <span class='ocrx_word' id='word_1_223' title='bbox 989 2378 1274 2440; x_wconf 88' lang='lat' dir='ltr'>municipali</span> <span class='ocrx_word' id='word_1_224' title='bbox 1311 2378 1713 2441; x_wconf 89' lang='lat' dir='ltr'>sermonibusque</span> 
     </span>
     <span class='ocr_line' id='line_1_29' title="bbox 134 2459 1713 2524; baseline -0.003 -13"><span class='ocrx_word' id='word_1_225' title='bbox 134 2477 332 2519; x_wconf 65' lang='lat' dir='ltr'>eorum,v</span> <span class='ocrx_word' id='word_1_226' title='bbox 365 2477 489 2524; x_wconf 90' lang='lat' dir='ltr'>quos</span> <span class='ocrx_word' id='word_1_227' title='bbox 539 2463 794 2519; x_wconf 89' lang='lat' dir='ltr'>convenio,</span> <span class='ocrx_word' id='word_1_228' title='bbox 844 2462 1030 2510; x_wconf 89' lang='lat' dir='ltr'>videtur</span> <span class='ocrx_word' id='word_1_229' title='bbox 1077 2460 1173 2508; x_wconf 89' lang='lat' dir='ltr'>hoc</span> <span class='ocrx_word' id='word_1_230' title='bbox 1229 2459 1484 2507; x_wconf 89' lang='lat' dir='ltr'>consilium</span> <span class='ocrx_word' id='word_1_231' title='bbox 1533 2460 1713 2507; x_wconf 87' lang='lat' dir='ltr'>exitum</span> 
     </span>
     <span class='ocr_line' id='line_1_30' title="bbox 135 2541 1714 2606; baseline -0.003 -14"><span class='ocrx_word' id='word_1_232' title='bbox 135 2544 436 2592; x_wconf 89' lang='lat' dir='ltr'>habiturum:</span> <span class='ocrx_word' id='word_1_233' title='bbox 476 2544 597 2592; x_wconf 87' lang='lat' dir='ltr'>mira</span> <span class='ocrx_word' id='word_1_234' title='bbox 628 2543 881 2592; x_wconf 89' lang='lat' dir='ltr'>hominum</span> <span class='ocrx_word' id='word_1_235' title='bbox 916 2542 1111 2606; x_wconf 90' lang='lat' dir='ltr'>querela</span> <span class='ocrx_word' id='word_1_236' title='bbox 1146 2541 1456 2589; x_wconf 84' lang='lat' dir='ltr'>est—nescio</span> <span class='ocrx_word' id='word_1_237' title='bbox 1485 2541 1602 2600; x_wconf 89' lang='lat' dir='ltr'>istic,</span> <span class='ocrx_word' id='word_1_238' title='bbox 1628 2542 1714 2589; x_wconf 91' lang='lat' dir='ltr'>sed</span> 
     </span>
     <span class='ocr_line' id='line_1_31' title="bbox 135 2623 1713 2686; baseline -0.001 -14"><span class='ocrx_word' id='word_1_239' title='bbox 135 2626 281 2675; x_wconf 83' lang='lat' dir='ltr'>facies</span> <span class='ocrx_word' id='word_1_240' title='bbox 328 2631 380 2671; x_wconf 89' lang='lat' dir='ltr'>ut</span> <span class='ocrx_word' id='word_1_241' title='bbox 421 2625 653 2683; x_wconf 85' lang='lat' dir='ltr'>sciam—‚</span> <span class='ocrx_word' id='word_1_242' title='bbox 695 2626 798 2673; x_wconf 89' lang='lat' dir='ltr'>sine</span> <span class='ocrx_word' id='word_1_243' title='bbox 838 2624 1197 2686; x_wconf 88' lang='lat' dir='ltr'>magistratibus</span> <span class='ocrx_word' id='word_1_244' title='bbox 1240 2624 1409 2670; x_wconf 90' lang='lat' dir='ltr'>urbem</span> <span class='ocrx_word' id='word_1_245' title='bbox 1452 2638 1572 2680; x_wconf 89' lang='lat' dir='ltr'>esse,</span> <span class='ocrx_word' id='word_1_246' title='bbox 1613 2623 1713 2671; x_wconf 87' lang='lat' dir='ltr'>sine</span> 
     </span>
     <span class='ocr_line' id='line_1_32' title="bbox 136 2703 1713 2768; baseline -0.003 -13"><span class='ocrx_word' id='word_1_247' title='bbox 136 2710 332 2764; x_wconf 83' lang='lat' dir='ltr'>senatu3</span> <span class='ocrx_word' id='word_1_248' title='bbox 382 2705 572 2768; x_wconf 87' lang='lat' dir='ltr'>fugiens</span> <span class='ocrx_word' id='word_1_249' title='bbox 622 2706 829 2768; x_wconf 91' lang='lat' dir='ltr'>denique</span> <span class='ocrx_word' id='word_1_250' title='bbox 868 2706 1130 2768; x_wconf 85' lang='lat' dir='ltr'>Pompeius</span> <span class='ocrx_word' id='word_1_251' title='bbox 1177 2704 1454 2752; x_wconf 86' lang='lat' dir='ltr'>mirabiliter</span> <span class='ocrx_word' id='word_1_252' title='bbox 1490 2703 1713 2752; x_wconf 91' lang='lat' dir='ltr'>homines</span> 
     </span>
     <span class='ocr_line' id='line_1_33' title="bbox 135 2785 1711 2852; baseline -0.004 -13"><span class='ocrx_word' id='word_1_253' title='bbox 135 2796 324 2839; x_wconf 83' lang='lat' dir='ltr'>movet:</span> <span class='ocrx_word' id='word_1_254' title='bbox 378 2788 493 2850; x_wconf 92' lang='lat' dir='ltr'>quid</span> <span class='ocrx_word' id='word_1_255' title='bbox 537 2789 755 2852; x_wconf 84' lang='lat' dir='ltr'>quaeris?</span> <span class='ocrx_word' id='word_1_256' title='bbox 813 2788 904 2836; x_wconf 87' lang='lat' dir='ltr'>alia</span> <span class='ocrx_word' id='word_1_257' title='bbox 951 2802 1097 2836; x_wconf 86' lang='lat' dir='ltr'>causa</span> <span class='ocrx_word' id='word_1_258' title='bbox 1143 2786 1269 2835; x_wconf 87' lang='lat' dir='ltr'>facta</span> <span class='ocrx_word' id='word_1_259' title='bbox 1293 2794 1393 2845; x_wconf 83' lang='lat' dir='ltr'>est3</span> <span class='ocrx_word' id='word_1_260' title='bbox 1453 2785 1569 2833; x_wconf 91' lang='lat' dir='ltr'>nihil</span> <span class='ocrx_word' id='word_1_261' title='bbox 1617 2785 1711 2832; x_wconf 84' lang='lat' dir='ltr'>iam</span> 
     </span>
    </p>
   </div>
  </div>
 </body>
</html>
