2040 3048
275 109 372 165 172
721 108 783 148 M.
828 109 1025 149 TULLII
1063 109 1376 149 CICERONIS
1625 101 1740 168 [Pars
1766 112 1842 152 111.

270 238 359 285 civi
384 239 540 301 magis
566 240 789 288 convenit
815 255 961 303 quam
987 241 1157 289 abesse
1182 257 1211 288 a
1234 241 1448 290 civilibus
1474 242 1843 290 controversiis?

270 320 403 382 quod
434 336 534 368 non
566 322 683 369 nulli
718 337 830 369 cum
863 323 1135 385 probarent,
1162 324 1359 386 periculi
1394 339 1541 372 causa
1572 324 1711 387 sequi
1744 339 1845 371 non

272 409 555 463 potuerunt:
592 409 644 449 tu
669 403 920 465 explorato
946 412 992 452 et
1017 405 1138 453 vitae
1164 420 1302 453 meae
1336 405 1611 454 testimonio
1645 414 1692 453 et
1726 405 1845 452 ami·

272 483 407 530 citiae
432 483 610 532 iudicio
636 500 793 546 neque
818 486 964 534 tutius
994 501 1152 549 neque
1187 486 1438 535 honestius
1470 487 1680 550 reperies
1714 487 1847 550 quic-

272 580 417 627 quam
444 580 590 627 quam
616 566 676 613 ab
703 567 836 614 omni
862 567 1172 616 contentione
1197 569 1382 617 abesse.
1452 584 1527 618 xv.
1559 568 1668 617 Kal.
1689 568 1847 616 Maias

273 663 332 695 ex
367 647 560 697 itinere!

654 778 730 823 74.
804 774 898 822 AD
935 775 1258 824 ATTICUM
1295 775 1355 824 X.
1401 777 1475 826 16.

441 866 551 916 SCR.
579 883 630 915 IN
667 867 880 916 CUMANO
914 884 1038 916 PRn).
1066 869 1184 917 IDUS
1208 869 1373 918 MA1As
1409 886 1544 920 A.U.c.
1575 882 1688 933 705.

813 971 983 1005 CICERO
1009 972 1184 1005 ATTrco
1217 973 1318 1005 SAL.

352 1066 391 1098 1.
430 1049 719 1100 COMMODUM
752 1051 813 1099 ad
839 1060 884 1098 te
911 1052 1139 1100 dederam
1163 1052 1340 1101 litteras
1366 1053 1426 1101 de
1451 1053 1665 1116 pluribus
1690 1054 1848 1113 rebus,

277 1147 388 1180 cum
414 1132 476 1180 ad
500 1148 579 1179 me
611 1133 736 1180 bene
770 1148 914 1180 mane
947 1132 1211 1197 Dionysius
1239 1130 1386 1202 [fuit]‚
1412 1136 1488 1183 cui
1525 1135 1723 1198 quidem
1756 1151 1849 1198 ego

276 1229 378 1262 non
407 1214 560 1262 modo
593 1214 879 1277 placabilem
911 1230 990 1263 me
1023 1217 1370 1278 praebuissem,
1400 1218 1487 1265 sed
1523 1224 1677 1265 totum
1713 1218 1851 1265 remi-

277 1296 463 1354 sissem,
485 1296 524 1344 si
550 1296 834 1354 advenisset,
852 1312 949 1359 qua
972 1306 1135 1346 mente
1161 1306 1210 1346 tu
1235 1299 1298 1346 ad
1320 1313 1400 1346 me
1434 1299 1695 1361 scripseras
1708 1315 1721 1358 3
1752 1307 1853 1347 erat

278 1378 409 1426 enim
458 1378 525 1425 sic
573 1379 623 1425 in
670 1378 763 1425 tuis
809 1378 985 1436 litteris,
1024 1394 1144 1442 quas
1186 1377 1358 1442 Arpini
1407 1395 1703 1442 acceperam,
1741 1396 1852 1428 eum

279 1470 531 1509 venturum
573 1460 905 1523 facturumque
946 1462 1081 1523 quod
1121 1477 1216 1525 ego
1258 1462 1460 1510 vellem:
1500 1477 1595 1526 ego
1631 1463 1853 1511 volebam

281 1551 440 1591 autem
482 1542 555 1589 vel
597 1542 852 1604 cupiebam
893 1543 1056 1605 potius
1099 1559 1206 1592 esse
1248 1559 1360 1592 eum
1401 1545 1682 1604 nobiscum;
1720 1545 1854 1608 quod

281 1625 394 1687 quia
446 1624 604 1686 plane,
654 1639 765 1671 cum
813 1625 863 1670 in
909 1623 1225 1672 Formianum
1272 1625 1494 1684 venisset,
1542 1626 1853 1688 praeciderat,

281 1706 495 1769 asperius
521 1706 583 1753 ad
608 1714 653 1753 te
678 1706 737 1753 de
771 1721 831 1753 eo
865 1706 1071 1754 scribere
1105 1707 1336 1755 solebam.
1405 1707 1471 1754 At
1503 1707 1579 1755 ille
1612 1723 1855 1770 perpauca

281 1788 468 1836 locutus
493 1787 619 1836 hanc
646 1804 887 1836 summam
911 1788 1076 1836 habuit
1094 1789 1340 1847 orationis,
1355 1796 1409 1836 ut
1427 1789 1516 1837 sibi
1533 1789 1853 1851 ignoscerem,

283 1886 334 1919 se
360 1872 501 1918 rebus
526 1871 623 1919 suis
647 1871 933 1934 impeditum
957 1871 1214 1919 nobiscum
1239 1872 1306 1918 ire
1330 1886 1432 1918 non
1460 1886 1619 1934 posse.
1694 1871 1856 1919 Pauca

282 1954 523 2015 respondi,
550 1968 785 2016 magnum
821 1953 985 2015 accepi
1019 1953 1250 2011 dolorem,
1277 1953 1487 2000 intellexi
1521 1952 1762 2001 fortunam
1792 1954 1854 2000 ab

285 2050 345 2083 eo
392 2043 607 2082 nostram
656 2035 935 2097 despectam
990 2049 1110 2083 esse.
1192 2034 1326 2093 Quid
1374 2035 1596 2097 quaeris?
1651 2036 1853 2083 fortasse

283 2116 561 2164 miraberis:
598 2116 648 2163 in
682 2117 904 2165 maximis
936 2115 1111 2163 horum
1143 2124 1418 2178 temporum
1454 2116 1700 2165 doloribus
1725 2117 1853 2165 hunc

284 2199 402 2247 mihi
426 2199 547 2246 scito
572 2213 692 2246 esse.
764 2197 926 2245 Velim
950 2205 1001 2244 ut
1033 2198 1117 2245 tibi
1149 2198 1332 2246 amicus
1365 2198 1454 2245 sit:
1492 2198 1587 2246 hoc
1623 2214 1734 2246 cum
1770 2198 1854 2246 tibi

285 2292 418 2345 opto,
434 2290 552 2343 opto
575 2289 628 2327 ut
653 2281 820 2328 beatus
846 2280 909 2327 sis
927 2295 940 2338 ;
967 2279 1054 2327 erit
1077 2279 1205 2326 enim
1224 2287 1323 2326 tam
1342 2279 1435 2326 diu.
1514 2296 1555 2327 2.
1583 2278 1854 2328 Consilium

287 2371 507 2411 nostrum
549 2377 691 2424 spero
733 2376 937 2410 vacuum
974 2361 1186 2424 periculo
1224 2360 1324 2408 fore
1342 2376 1355 2420 ;
1400 2376 1513 2408 nam
1550 2369 1596 2408 et
1632 2361 1854 2409 dissimu-

286 2445 487 2492 lavimus
520 2453 581 2503 et‚
607 2452 659 2491 ut
689 2443 875 2506 opinor,
901 2443 1128 2490 acerrime
1153 2442 1523 2490 adservabimus
1597 2442 1853 2506 Navigatio

287 2528 437 2575 modo
471 2527 543 2584 sit,
570 2526 760 2588 qualem
793 2534 923 2587 opto,
951 2532 1120 2581 cetera,
1146 2539 1269 2586 quae
1295 2524 1490 2586 quidem
1522 2526 1721 2573 cOnsilio
1746 2542 1854 2588 pro-

288 2609 437 2657 videri
483 2615 722 2671 poterunt,
771 2608 1075 2654 cavebuntur.
1149 2606 1243 2663 Tu,
1294 2606 1409 2653 dum
1457 2607 1703 2665 adsumus,
1753 2623 1852 2657 non

290 2690 439 2738 modo
464 2705 586 2752 quae
612 2689 773 2737 scieris
797 2688 1074 2744 audierisve,
1101 2687 1187 2734 sed
1220 2687 1364 2733 etiam
1394 2701 1519 2749 quae
1553 2687 1708 2735 futura
1742 2704 1846 2751 pro·

290 2771 473 2820 videbis
499 2771 677 2818 scribas
702 2769 857 2817 velim.
930 2783 972 2830 3.
1011 2767 1149 2825 Cat0,
1173 2768 1254 2830 qui
1289 2767 1499 2815 Siciliam
1531 2775 1692 2816 tenere
1722 2769 1851 2818 nullo

2036 1282 2040 1290 .
2036 1218 2040 1223 .
2032 1005 2040 1191 A———-—-
2027 852 2040 990 -A-A—n
2035 820 2040 828 .
