2040 3048
339 95 437 132 100
798 89 861 129 M.
907 87 1109 127 TULLII
1146 87 1462 128 CICERONIS
1712 78 1826 147 [Pars
1851 89 1903 128 11.

331 216 491 280 ‘quid,
547 215 587 265 si
641 215 764 263 filius
815 229 953 263 meus
1008 213 1183 263 fustem
1237 214 1355 263 mihi
1405 214 1674 278 impingere
1725 214 1904 263 volet?'

331 298 425 346 His
477 297 688 355 vocibus,
739 304 792 344 ut
846 297 1171 344 existimarent
1225 296 1449 345 homines
1503 297 1738 359 Pompeio
1793 311 1903 344 cum

330 381 537 429 Caesare
586 393 692 426 esse
741 378 1006 439 negotium,
1047 377 1234 438 effecit3
1289 379 1449 441 itaque
1496 378 1606 437 iam,
1653 386 1705 425 ut
1751 378 1905 435 video,

329 461 524 508 alteram
566 466 722 507 utram
764 458 826 506 ad
869 459 1210 507 condicionem
1250 459 1543 508 descendere
1578 460 1678 507 volt
1713 458 1905 517 Caesar,

328 551 382 590 ut
429 550 510 590 aut
556 548 752 589 maneat
805 555 965 603 neque
1015 540 1111 589 hoc
1163 556 1292 589 anno
1349 556 1435 589 sua
1488 541 1608 589 ratio
1663 540 1906 597 habeatur,

330 633 425 683 aut,
463 625 501 673 si
538 622 782 684 designari
823 623 1010 684 poterit,
1050 623 1266 671 decedat.
1343 639 1418 671 10.
1456 623 1605 671 Curio
1652 638 1705 671 se
1739 631 1910 671 contra

331 719 443 752 eum
490 712 645 752 toturn
694 711 829 767 parat
847 720 859 763 ;
920 705 1036 767 quid
1082 705 1282 767 adsequi
1327 706 1494 767 possit,
1541 705 1736 752 nescio:
1795 704 1909 751 illud

330 787 485 844 video,
527 788 653 834 bene
702 786 1000 844 sentientem,
1043 787 1131 835 etsi
1179 786 1296 834 nihil
1338 786 1559 845 effecerit,
1597 787 1767 835 cadere
1808 801 1909 834 non

330 883 491 930 posse.
563 867 648 915 Me
686 875 855 915 tractat
891 867 1144 916 liberaliter
1177 866 1324 916 Curio
1362 876 1409 916 et
1442 868 1558 915 mihi
1589 883 1677 916 suo
1711 883 1909 915 munere

332 949 582 1010 negotium
630 949 893 1011 imposuit;
952 964 1066 997 nam
1115 949 1156 996 si
1201 949 1319 996 mihi
1367 964 1468 997 non
1514 949 1724 997 dedisset
1770 949 1909 1006 feras,

332 1045 456 1092 quae
516 1031 579 1078 ad
637 1030 781 1078 ludos
840 1030 884 1078 ei
949 1029 1177 1078 advectae
1237 1039 1372 1079 erant
1429 1030 1698 1090 Africanae,
1755 1031 1912 1093 potuit

333 1111 645 1174 supersederi.
705 1110 867 1169 Nunc,
895 1112 1126 1174 quoniam
1164 1113 1278 1160 dare
1314 1127 1513 1160 necesse
1547 1121 1631 1170 est,
1657 1112 1798 1159 velim
1827 1113 1911 1160 tibi

333 1208 473 1241 curae
521 1193 594 1251 sit,
642 1192 774 1255 quod
827 1208 857 1240 a
912 1201 959 1240 te
1016 1208 1207 1256 semper
1255 1194 1381 1255 petii,
1429 1201 1482 1241 ut
1536 1193 1712 1256 aliquid
1770 1194 1909 1243 istinc

334 1275 592 1323 bestiarum
621 1274 902 1333 habeamus,
932 1273 1281 1338 Sittianamque
1314 1275 1638 1338 syngrapham
1670 1275 1754 1324 tibi
1780 1291 1912 1325 com-

333 1356 526 1404 mend0.
615 1354 863 1403 Libertum
911 1354 1167 1404 Philonem
1217 1357 1341 1405 istoc
1388 1357 1496 1405 misi
1543 1365 1591 1404 et
1636 1356 1911 1419 Diogenem

335 1439 592 1495 Graecum,
642 1438 816 1499 quibus
864 1437 1091 1485 mandata
1138 1445 1186 1486 et
1231 1438 1407 1487 litteras
1448 1439 1510 1487 ad
1550 1448 1597 1487 te
1639 1439 1778 1488 dedit
1826 1453 1912 1487 eos

334 1520 419 1568 tibi
465 1527 513 1566 et
559 1533 676 1576 rem,
725 1518 785 1566 de
835 1534 931 1582 qua
977 1519 1098 1577 misi,
1135 1519 1278 1567 velim
1327 1535 1469 1568 curae
1514 1520 1720 1579 habeas;
1781 1535 1911 1578 nam,

336 1616 481 1664 quam
518 1598 827 1647 vehementer
863 1600 924 1647 ad
962 1615 1041 1648 me
1082 1602 1331 1664 pertineat,
1370 1602 1421 1649 in
1458 1602 1530 1661 iis,
1568 1616 1688 1664 quas
1725 1602 1808 1649 tibi
1849 1602 1913 1650 illi

335 1682 552 1741 reddent,
577 1681 740 1729 litteris
767 1681 1011 1744 descripsi.

547 1830 626 1875 35.
698 1825 804 1873 AD
858 1825 1408 1876 FAMILIARES
1461 1828 1624 1877 VIII.
1661 1829 1706 1879 6.

647 1921 756 1971 Sca
794 1937 949 1970 MENSE
987 1923 1271 1972 FEBRUARIO
1307 1939 1443 1973 A.U.c.
1483 1935 1595 1986 704.

834 2025 1034 2059 CAELms
1069 2027 1290 2060 CICERONI
1324 2027 1425 2061 SAL.

414 2118 453 2151 1.
491 2101 606 2151 NON
654 2101 821 2149 dubito
869 2102 986 2164 quin
1033 2103 1269 2166 perlatum
1317 2104 1378 2150 ad
1426 2111 1473 2151 te
1519 2103 1591 2161 sit,
1630 2104 1847 2166 Appium
1887 2121 1917 2153 a

339 2183 591 2232 Dolabella
627 2197 762 2230 reum
798 2181 992 2242 factum,
1030 2198 1144 2231 sane
1180 2198 1327 2246 quam
1368 2199 1471 2231 non
1517 2199 1588 2242 ea,
1626 2199 1722 2247 qua
1757 2187 1917 2235 existi-

338 2279 597 2322 maveram,
623 2264 825 2311 invidia:
863 2280 1021 2327 neque
1053 2266 1183 2312 enim
1217 2266 1355 2313 stulte
1387 2266 1609 2327 Appius;
1647 2268 1741 2328 qui,
1777 2268 1916 2315 simul

339 2357 484 2409 atque
517 2346 771 2394 Dolabella
804 2348 1008 2394 accessit
1041 2347 1102 2394 ad
1134 2347 1355 2405 tribunal,
1386 2347 1629 2395 introierat
1664 2349 1713 2395 in
1749 2349 1917 2396 urbem

338 2427 661 2489 triumphique
705 2427 1080 2490 postulationem
1124 2427 1376 2485 abiecerat,
1416 2443 1514 2491 quo
1556 2428 1685 2476 facto
1727 2430 1919 2477 rettudit

339 2522 586 2556 sermones
629 2509 933 2571 paratiorque
975 2509 1103 2556 visus
1145 2516 1230 2566 est,
1271 2523 1418 2571 quam
1460 2518 1732 2574 speraverat
1778 2525 1918 2558 accu-

339 2597 478 2637 sator.
552 2589 603 2637 Is
641 2605 771 2638 nunc
807 2591 856 2637 in
891 2598 938 2638 te
975 2590 1236 2637 maximam
1280 2604 1417 2652 spem
1454 2589 1613 2638 habet.
1685 2590 1797 2639 Scio
1835 2592 1919 2638 tibi

341 2686 452 2718 eum
493 2686 594 2719 non
638 2688 743 2721 esse
783 2673 928 2721 odio:
981 2688 1126 2735 quam
1167 2672 1283 2719 velis
1326 2687 1438 2719 eum
1480 2673 1706 2736 obligare,
1747 2674 1797 2720 in
1837 2681 1919 2721 tua

339 2768 486 2800 manu
515 2762 613 2812 est3
652 2769 761 2801 cum
801 2769 899 2817 quo
931 2755 981 2800 si
1009 2753 1223 2802 simultas
1256 2754 1340 2802 tibi
1375 2769 1477 2802 non
1512 2754 1693 2814 fuisset,
1726 2754 1918 2804 liberius
