2040 3048
274 81 338 134 26
715 93 776 132 M.
823 91 1016 131 TULLII
1054 94 1364 133 CICERONIS
1669 82 1783 150 [Pars
1809 94 1839 132 1.

271 222 415 271 Nunc
449 232 612 271 tamen
649 222 764 286 petit
797 225 967 271 iterum
1003 225 1070 272 rei
1109 225 1331 287 publicae
1374 240 1532 274 causa.
1604 223 1838 273 Lucceius

269 305 385 367 quid
432 314 557 368 agat,
600 307 806 354 scribam
856 306 918 353 ad
973 314 1032 364 te,
1083 321 1195 354 cum
1234 306 1495 356 Caesarem
1538 308 1716 365 videro,
1758 306 1839 369 qui

270 387 421 434 aderit
455 386 620 434 biduo.
699 402 772 434 10.
811 386 962 446 Quod
1001 386 1212 450 Sicyonii
1248 397 1295 436 te
1330 389 1542 448 laedunt,
1579 389 1756 437 Catoni
1791 396 1839 435 et

270 469 371 516 eius
396 468 676 516 aemulatori
700 468 927 517 attribues
954 468 1162 518 Servilio.
1218 469 1387 529 Quid?
1424 486 1483 518 ea
1504 470 1650 533 plaga
1674 485 1839 518 nonne

269 550 333 597 ad
384 550 562 598 multos
619 551 779 598 bonos
825 551 952 598 viros
979 552 1246 613 pertinet?
1305 552 1405 611 sed,
1453 553 1492 600 si
1538 552 1602 599 ita
1647 552 1838 614 placuit,

269 632 546 691 laudemus;
602 631 776 680 deinde
822 632 872 679 in
920 616 1295 682 discessiombus
1349 634 1438 682 soli
1485 633 1837 695 relinquamur!

269 713 527 761 Amalthea
557 728 668 761 mea
691 721 738 761 te
763 722 1010 776 exspectat
1042 723 1089 763 et
1119 715 1302 777 indiget
1330 717 1413 763 tui.
1488 730 1563 762 11.
1601 714 1838 763 Tuscula-

268 811 387 845 num
420 803 467 843 et
502 795 854 858 Pompeianum
882 796 1020 844 valde
1053 811 1133 844 me
1166 796 1422 856 delectant,
1458 797 1549 845 nisi
1579 797 1714 859 quod
1745 812 1839 854 me,

268 879 402 926 illum
425 879 586 941 ipsum
610 878 850 926 vindicem
873 878 996 926 aeris
1020 879 1175 937 alieni,
1200 894 1310 927 aere
1334 894 1436 927 non
1462 878 1728 936 Corinthio,
1755 878 1840 926 sed

268 961 364 1009 hoc
400 959 783 1008 circumforaneo
819 960 1093 1009 obruerunt.
1163 959 1223 1007 In
1259 959 1415 1008 Gallia
1449 975 1699 1023 speramus
1733 974 1840 1008 esse

270 1043 432 1090 otium.
505 1041 826 1103 Prognostica
871 1056 983 1088 mea
1029 1057 1140 1089 cum
1191 1043 1501 1091 oratiunculis
1554 1042 1839 1105 propediem

270 1131 528 1187 exspecta;
565 1132 613 1171 et
648 1132 824 1181 tamen,
860 1124 976 1185 quid
1009 1124 1192 1185 cogites
1227 1123 1287 1171 de
1319 1124 1528 1172 adventu
1556 1132 1655 1183 tuo,
1687 1124 1840 1172 scribe

271 1207 333 1254 ad
375 1221 494 1254 nos:
531 1220 646 1253 nam
685 1205 802 1252 mihi
841 1204 1117 1267 Pomponia
1157 1205 1365 1252 nuntiari
1397 1206 1545 1264 iussit,
1585 1214 1632 1254 te
1673 1220 1841 1254 mense

273 1287 473 1347 Quintili
509 1286 699 1335 Romae
735 1287 864 1344 fore;
903 1286 951 1333 id
990 1302 1019 1334 a
1057 1287 1150 1334 tuis
1184 1286 1363 1346 litteris,
1403 1303 1524 1350 quas
1560 1288 1622 1335 ad
1662 1303 1743 1336 me
1781 1289 1842 1336 de

272 1385 422 1418 censu
469 1378 554 1417 tuo
602 1369 815 1426 miseras,
854 1369 1169 1430 discrepabat.
1249 1383 1323 1415 12.
1371 1367 1561 1427 Paetus,
1609 1377 1662 1417 ut
1702 1377 1842 1416 antea

272 1452 334 1500 ad
368 1461 415 1500 te
452 1451 633 1514 scripsi,
670 1466 842 1499 omnes
878 1450 1039 1508 libros,
1074 1466 1198 1514 quos
1233 1450 1377 1498 frater
1413 1466 1526 1499 suus
1561 1451 1841 1514 reliquisset,

272 1535 390 1582 mihi
415 1534 624 1582 donavit.
696 1533 811 1581 Hoc
834 1533 956 1581 illius
980 1548 1157 1581 munus
1181 1534 1231 1580 in
1256 1541 1338 1580 tua
1362 1534 1608 1595 diligentia
1631 1534 1842 1595 positum

274 1622 374 1662 est:
412 1614 451 1661 si
486 1628 567 1660 me
596 1628 746 1670 amas,
777 1628 891 1661 cura
925 1620 978 1660 ut
1013 1620 1358 1660 conserventur
1392 1620 1440 1659 et
1476 1612 1538 1659 ad
1572 1627 1651 1659 me
1686 1612 1841 1674 perfe-

274 1703 437 1744 rantur
446 1712 458 1755 ;
489 1696 585 1743 hoc
609 1695 726 1742 mihi
751 1694 866 1741 nihil
890 1702 1049 1756 potest
1073 1709 1179 1742 esse
1204 1694 1398 1756 gratius,
1415 1703 1461 1742 et
1485 1709 1595 1741 cum
1612 1692 1843 1751 Graecos,

274 1787 377 1825 tum
412 1790 525 1824 vero
559 1775 811 1838 diligenter
834 1775 1035 1823 Latinos
1070 1783 1123 1823 ut
1159 1784 1416 1823 conserves
1450 1776 1608 1824 velim.
1679 1774 1845 1822 Tuum

277 1874 383 1906 esse
407 1857 502 1905 hoc
527 1858 869 1905 munusculum
895 1857 1092 1918 putabo.
1139 1856 1220 1905 Ad
1237 1857 1491 1906 Octavium
1509 1856 1619 1904 dedi
1638 1856 1815 1903 litteras
1829 1872 1843 1914 3

277 1956 389 1988 cum
414 1941 521 2002 ipso
546 1939 661 1985 nihil
684 1954 815 1986 eram
839 1939 1056 1985 locutus:
1094 1953 1253 2000 neque
1278 1940 1406 1987 enim
1431 1940 1522 1986 ista
1544 1946 1627 1985 tua
1650 1939 1847 1999 negotia

278 2021 585 2086 provincialia
619 2035 726 2067 esse
761 2020 1009 2081 putabam,
1035 2034 1194 2082 neque
1229 2027 1276 2066 te
1312 2019 1362 2065 in
1398 2019 1737 2066 tocullionibus
1763 2020 1845 2066 ha-

277 2104 453 2151 bebam
471 2117 484 2162 3
522 2101 609 2149 sed
645 2101 826 2163 scripsi,
863 2108 912 2146 ut
949 2100 1107 2157 debui,
1145 2100 1407 2162 diligenter.

642 2243 718 2287 10.
795 2238 888 2285 AD
926 2238 1249 2286 ATTICUM
1288 2238 1351 2285 II.
1395 2240 1468 2288 16.

352 2336 462 2386 ScR.
499 2352 549 2384 m
584 2335 843 2384 FORMIANo
878 2350 1089 2382 INEUNTE
1125 2349 1281 2381 MENSE
1318 2334 1457 2383 MAlo
1494 2349 1630 2384 A.u.c.
1671 2337 1778 2398 695.

802 2439 971 2472 CICERO
1006 2438 1184 2471 ATT1co
1220 2439 1321 2471 SAL.

352 2537 391 2568 1.
442 2519 645 2568 CENATo
683 2519 799 2566 mihi
841 2527 889 2566 et
935 2520 1032 2566 iam
1071 2519 1348 2566 dormitanti
1389 2519 1539 2581 pridie
1581 2518 1646 2567 K.
1690 2518 1848 2567 Maias

279 2602 480 2665 epistola
505 2609 577 2648 est
600 2601 678 2648 illa
702 2600 899 2658 reddita,
931 2601 980 2648 in
1014 2615 1110 2662 qua
1143 2600 1202 2647 de
1232 2615 1350 2662 agro
1376 2599 1631 2662 Campano
1669 2601 1848 2648 scribis.

282 2683 413 2742 Quid
451 2683 675 2744 quaeris?
724 2683 882 2744 primo
918 2683 981 2729 ita
1017 2697 1094 2728 me
1131 2683 1345 2744 pupugit,
1383 2690 1435 2729 ut
1471 2697 1699 2729 somnum
1735 2681 1851 2727 mihi

280 2761 523 2818 ademerit,
585 2761 671 2808 sed
730 2761 792 2807 id»
837 2761 1127 2823 cogitatione
1177 2761 1332 2822 magis
1393 2775 1538 2826 quam
1598 2760 1848 2819 molestia3
