2040 3048
262 123 364 163 202
690 120 753 160 M.
799 120 1003 159 TULLII
1040 119 1354 160 CICERONIS
1624 110 1740 178 [Pars
1767 121 1834 161 ιν.

259 249 525 312 prudentia,
562 249 735 312 quibus
767 249 911 308 rebus
947 250 1169 313 gaudeat,
1195 250 1371 314 quibus
1400 250 1614 314 capiatur
1643 249 1838 308 Caesar,

259 340 430 391 tenes;
467 347 495 378 a
534 338 582 379 te
625 331 791 379 omnia
831 331 1200 394 proficiscantur
1241 341 1289 380 et
1329 348 1415 396 per
1455 341 1501 380 te
1549 332 1611 380 ad
1657 332 1839 381 exitum

258 413 582 477 perducantur
611 429 810 462 necesse
845 421 949 474 est;
986 415 1117 477 apud
1149 415 1309 478 ipsum
1341 413 1559 472 multum,
1583 413 1715 477 apud
1739 413 1840 462 eius

260 511 433 543 omnes
458 495 720 557 plurimum
745 503 901 558 potes,
973 497 1016 543 6.
1042 495 1212 544 Unum
1237 496 1323 544 tibi
1348 496 1386 545 si
1411 496 1719 559 persuaseriS,
1739 510 1841 544 non

260 576 355 624 hoc
392 592 499 625 esse
534 574 604 624 tui
638 577 868 635 muneris,
899 577 940 625 si
972 577 1089 640 quid
1121 585 1319 640 rogatus
1353 577 1512 635 fueris,
1542 586 1593 626 ut
1625 577 1841 626 facias—

262 673 557 722 quamquam
582 658 631 705 id
656 673 890 722 magnum
915 667 963 707 et
988 660 1204 722 amplum
1229 667 1381 718 est—,
1409 659 1495 707 sed
1518 667 1675 708 totum
1704 668 1841 709 tuum

261 757 367 790 esse
400 756 538 799 onuS,
565 741 811 803 perficies:
850 741 942 789 nisi
974 741 1096 790 forte
1131 749 1211 789 aut
1242 742 1292 789 in
1316 742 1509 790 miseria
1532 742 1676 790 nimis
1701 742 1843 791 stulte

262 831 343 871 aut
366 823 416 870 in
442 823 650 871 amicitia
675 824 816 871 nimis
841 823 1149 887 impudenter
1178 824 1263 871 tibi
1296 839 1422 872 onus
1453 824 1671 887 impono.
1745 823 1843 873 Sed

262 906 448 968 utrique
472 906 540 953 rei
566 906 932 953 excusationem
956 913 1066 953 tuae
1091 905 1215 953 vitae
1248 904 1550 954 consuetudo
1582 905 1691 954 dat:
1727 921 1843 955 nam

263 987 395 1050 quod
445 987 509 1034 ita
557 987 803 1036 consuesti
849 1001 938 1050 pro
987 987 1154 1035 amicis
1203 987 1435 1046 laborare,
1484 1003 1584 1036 non
1631 987 1728 1035 iam
1774 989 1843 1036 sic

264 1077 458 1132 sperant
495 1069 583 1116 abs
624 1076 686 1127 te,
725 1069 811 1117 sed
854 1069 999 1116 etiam
1042 1070 1111 1117 sic
1153 1069 1393 1132 imperant
1438 1069 1524 1117 tibi
1570 1068 1843 1118 familiares.

264 1151 414 1212 Quod
437 1151 500 1200 ad
532 1151 706 1199 librum
739 1150 920 1210 attinet,
947 1165 1094 1214 quem
1128 1151 1212 1199 tibi
1246 1150 1369 1199 filius
1402 1149 1548 1210 dabit,
1574 1159 1689 1215 peto
1721 1167 1751 1201 a
1782 1159 1844 1211 te,

266 1250 326 1282 ne
351 1241 504 1292 exeat,
532 1241 614 1281 aut
637 1233 702 1281 ita
727 1234 955 1296 corrigas,
981 1249 1041 1280 ne
1067 1233 1183 1280 mihi
1207 1241 1395 1281 noceat.

555 1365 635 1411 93.
706 1363 800 1410 AD
836 1363 1257 1412 FAMILIARES
1295 1318 1550 1412 X111T11.

730 1458 838 1507 SCR.
879 1459 1062 1508 ROMAE
1099 1474 1237 1509 auc.
1275 1462 1387 1520 708.

803 1563 974 1597 01cERo
1011 1564 1170 1597 BRUTO
1206 1564 1309 1598 SAL.

338 1659 379 1692 1.
417 1642 552 1703 QmA
582 1657 773 1705 semper
805 1643 1119 1691 animadverti
1154 1644 1369 1692 studiose
1403 1651 1450 1692 te
1484 1659 1683 1707 operam
1718 1644 1844 1703 dare,

267 1734 319 1774 ut
359 1741 420 1773 ne
458 1724 575 1788 quid
616 1739 837 1772 meorum
878 1724 963 1772 tibi
1005 1733 1132 1773 esset
1172 1725 1410 1787 ignotum,
1448 1735 1704 1789 propterea
1746 1742 1847 1774 non

268 1808 436 1856 dubito
473 1807 589 1870 quin
628 1807 766 1864 sciaS‚
805 1821 907 1854 non
950 1807 1108 1855 solum
1150 1808 1286 1856 cuius
1326 1808 1575 1872 municipii
1617 1808 1724 1867 sim,
1762 1808 1847 1856 sed

267 1889 427 1947 etiam,
467 1904 616 1952 quarn
665 1888 917 1951 diligenter
966 1889 1149 1937 soleam
1190 1905 1328 1938 meos
1371 1890 1641 1953 municipes
1683 1885 1847 1956 [Arpi-

268 1968 425 2036 nates]
459 1971 608 2018 tueri:
646 1985 853 2033 quorum
880 1971 1076 2034 quidem
1102 1972 1268 2019 omnia
1292 1971 1554 2019 commoda
1578 1986 1847 2035 omnesque

268 2051 531 2110 facultateS,
558 2052 733 2115 quibus
768 2060 815 2100 et
847 2068 983 2101 sacra
1017 2054 1256 2101 conficere
1284 2061 1331 2100 et
1356 2061 1482 2101 sarta
1507 2061 1632 2102 tecta
1655 2053 1848 2101 aedium

269 2149 511 2182 sacrarum
547 2134 863 2197 locorumque
899 2136 1234 2182 communium
1270 2135 1391 2183 tueri
1427 2135 1628 2197 possint,
1666 2135 1848 2183 consis-

267 2222 374 2263 tunt
402 2216 452 2264 in
487 2216 543 2265 iis
578 2217 904 2280 vectigalibus,
931 2233 1054 2280 quae
1091 2217 1272 2265 habent
1307 2218 1357 2265 in
1392 2218 1641 2280 provincia
1677 2216 1847 2265 Gallia.

269 2298 347 2346 Ad
372 2313 430 2346 ea
454 2298 654 2347 visenda
677 2299 1021 2362 pecuniasque,
1048 2314 1171 2362 quae
1197 2315 1226 2347 a
1250 2299 1437 2348 colonis
1471 2299 1722 2357 debentur,
1748 2299 1846 2346 exi-

268 2380 455 2444 gendas
487 2388 737 2444 totamque
772 2396 874 2429 rem
907 2393 954 2430 et
990 2381 1389 2444 cognoscendam
1427 2388 1474 2430 et
1509 2381 1847 2430 administran-

270 2464 382 2511 dam
429 2464 615 2526 legatos
663 2464 848 2527 equites
903 2463 1158 2511 Romanos
1214 2463 1447 2522 misimus,
1500 2462 1563 2522 Q.
1606 2462 1848 2511 Fufidium

271 2546 334 2605 Q.
361 2546 405 2606 f.,
433 2546 504 2594 M.
529 2546 764 2595 Faucium
798 2545 868 2593 M.
891 2545 936 2604 f.,
963 2544 1023 2604 Q.
1057 2545 1361 2593 Mamercum
1396 2544 1458 2604 Q.
1485 2544 1516 2593 f.
1591 2562 1631 2593 2.
1667 2545 1786 2593 Peto
1821 2561 1850 2593 a

271 2637 318 2676 te
342 2629 391 2676 in
416 2629 651 2677 maiorem
675 2627 879 2676 modum
905 2642 995 2691 pro
1021 2635 1187 2676 nostra
1211 2627 1581 2684 necessitudine,
1607 2634 1659 2674 ut
1683 2627 1767 2675 tibi
1791 2642 1848 2675 ea

270 2726 347 2759 res
380 2726 520 2758 curae
556 2711 614 2758 sit
647 2724 944 2772 operamque
981 2708 1080 2766 des,
1104 2716 1157 2757 ut
1190 2724 1277 2771 per
1309 2716 1356 2756 te
1381 2724 1527 2772 quam
1552 2708 1847 2757 commodis-

273 2792 391 2839 sime
418 2791 668 2854 negotium
702 2791 951 2854 municipii
985 2790 1339 2838 administretur
1365 2806 1509 2853 quam
1544 2790 1848 2853 primumque

2011 2489 2034 2729 ἓ
