2040 3048
206 101 276 153 Ep.
309 87 422 158 ua]
529 100 717 142 EPIST.
757 100 839 140 AD
875 101 1248 141 FAMILIARES
1286 103 1366 144 ΧΙ.
1407 108 1458 160 3.
1678 100 1779 161 237

527 292 633 337 116.
705 288 800 336 AD
838 288 1260 338 FAMILIARES
1298 290 1386 337 XI.
1427 304 1470 351 3.

542 385 649 435 SCR.
675 400 799 435 PRID.
828 385 954 435 NON.
985 386 1129 435 SExT.
1156 401 1294 435 A.U.c.
1324 396 1438 445 710.

434 490 620 524 BRUTUS
655 489 719 523 ΕΤ
754 490 937 524 CAsans
973 490 1045 524 PR.
1072 491 1108 524 s.
1135 492 1179 523 D.
1208 490 1420 524 ANTONIO
1456 488 1552 524 cos.

274 585 313 618 1.
352 570 398 618 S.
425 586 468 618 v.
494 587 536 618 Β.
609 570 815 618 Litteras
840 579 946 618 tuas
979 571 1186 633 legimus
1221 569 1486 618 simillimas
1520 569 1662 617 edicti
1699 568 1782 629 tui,

198 651 585 712 contumeliosas,
618 653 846 711 minaces,
882 653 1083 701 minime
1121 652 1296 714 dignas
1330 667 1454 714 quae
1492 666 1521 699 a
1556 659 1602 699 te
1639 651 1782 699 nobis

197 733 508 782 mitterentur.
584 733 706 792 Nos,
756 734 959 793 Antoni,
1002 742 1048 783 te
1094 734 1225 782 nulla
1266 733 1563 782 lacessiimus
1612 732 1783 781 iniuria

197 830 356 879 neque
387 816 670 864 miraturum
703 817 1010 875 credidimus,
1038 817 1077 864 si
1110 824 1358 879 praetores
1390 822 1438 863 et
1467 829 1525 862 ea
1549 813 1781 878 dignitate

196 898 419 947 homines
444 899 623 962 aliquid
647 899 807 947 edicto
833 899 1216 961 postulassemus
1242 913 1271 945 a
1303 897 1533 946 consule:
1571 897 1707 960 quod
1744 898 1781 946 si

195 981 458 1043 indignaris
492 996 638 1030 ausos
671 997 778 1030 esse
811 982 861 1030 id
898 982 1070 1041 facere,
1097 980 1315 1030 concede
1351 980 1494 1028 nobis
1529 988 1582 1028 ut
1618 979 1780 1029 dolea—

195 1077 304 1110 mus
340 1078 401 1111 ne
437 1063 531 1111 hoc
568 1063 766 1125 quidem
802 1065 889 1112 abs
927 1073 971 1111 te
1009 1064 1160 1112 Bruto
1198 1071 1245 1112 et
1283 1061 1455 1110 Cassio
1502 1063 1656 1111 tribui.
1738 1079 1781 1114 2.

196 1145 327 1193 Nam
363 1145 424 1194 de
460 1145 712 1195 dilectibus
747 1145 922 1194 habitis
959 1153 1006 1194 et
1041 1145 1264 1210 pecuniis
1301 1145 1562 1207 imperatis,
1601 1146 1780 1193 exerci-

195 1226 321 1274 tibus
346 1226 607 1274 sollicitatis
632 1233 680 1277 et
703 1227 883 1274 nuntiis
909 1234 1040 1274 trans
1066 1241 1198 1274 mare
1223 1226 1384 1273 missis
1409 1225 1544 1288 quod
1566 1232 1614 1274 te
1635 1241 1780 1288 ques-

195 1315 298 1356 tum
327 1323 434 1357 esse
458 1323 624 1371 negaS,
647 1323 740 1356 nos
764 1308 964 1371 quidem
997 1309 1081 1355 tibi
1114 1307 1358 1356 credimus
1391 1308 1580 1369 optimo
1612 1308 1778 1356 animo

196 1398 241 1439 te
265 1390 450 1449 fecisse,
478 1390 562 1439 sed
588 1397 752 1437 tamen
776 1405 935 1453 neque
971 1389 1285 1452 agnoscimus
1310 1388 1574 1451 quicquam
1608 1404 1779 1437 eorum

195 1480 242 1522 et
265 1480 313 1521 te
336 1474 579 1531 miramur,
607 1487 719 1521 cum
743 1473 864 1520 haec
888 1472 1146 1530 reticueriS,
1162 1485 1262 1519 non
1287 1470 1505 1534 potuisse
1531 1471 1777 1520 continere

194 1555 490 1604 iracundiam
522 1563 669 1611 tuam,
695 1555 812 1618 quin
844 1555 987 1602 nobis
1012 1555 1072 1602 de
1097 1561 1253 1601 morte
1280 1551 1502 1602 Caesaris
1528 1553 1776 1601 obiiceres.

196 1653 240 1699 3.
276 1637 402 1685 Illud
424 1652 538 1685 vero
563 1652 711 1699 quem
736 1637 798 1684 ad
827 1636 1030 1684 modum
1063 1635 1323 1684 ferundum
1357 1635 1430 1693 sit,
1459 1641 1558 1682 tute
1596 1636 1776 1698 cogita,

192 1736 293 1769 non
321 1720 464 1769 licere
496 1720 798 1783 praetoribus
831 1719 1123 1767 concordiae
1156 1733 1212 1766 ac
1242 1718 1471 1765 libertatis
1509 1732 1657 1766 causa
1690 1733 1779 1781 per

194 1804 404 1851 edictum
429 1803 490 1851 de
516 1817 605 1851 suo
631 1803 731 1850 iure
757 1802 1006 1859 decedere,
1034 1801 1151 1864 quin
1176 1800 1349 1848 consul
1383 1815 1519 1847 arma
1551 1800 1776 1850 minetur.

193 1885 419 1945 Quorum
456 1884 630 1932 fiducia
661 1884 777 1931 nihil
810 1892 882 1932 est
915 1884 1049 1946 quod
1081 1899 1173 1931 nos
1206 1891 1411 1941 terreas;
1450 1898 1611 1946 neque
1647 1884 1777 1931 enim

193 1969 331 2019 decet
355 1977 436 2017 aut
461 1968 684 2016 convenit
709 1968 851 2015 nobis
877 1967 1091 2030 periculo
1127 1966 1207 2014 ulli
1242 1966 1523 2014 submittere
1559 1967 1775 2014 animum

190 2060 411 2099 nostrum
445 2066 603 2113 neque
636 2058 708 2098 est
733 2049 950 2097 Antonio
983 2039 1343 2111 postulandum,
1370 2054 1423 2096 ut
1458 2048 1515 2096 iis
1553 2048 1774 2111 imperet,

192 2148 399 2197 quorum
447 2147 597 2195 opera
644 2131 764 2180 liber
810 2139 897 2179 est.
980 2130 1087 2179 Nos
1136 2131 1176 2179 si
1224 2130 1315 2178 alia
1360 2129 1680 2190 hortarentur,
1723 2138 1775 2178 ut

192 2215 371 2263 bellum
403 2214 537 2263 civile
571 2213 801 2262 suscitare
832 2212 1074 2271 vellemus,
1110 2212 1294 2261 litterae
1330 2221 1440 2261 tuae
1477 2213 1596 2260 nihil
1631 2214 1777 2276 profi-

193 2304 382 2355 cerent3
420 2296 549 2344 nulla
581 2297 712 2344 enim
745 2295 973 2344 minantis
1004 2295 1262 2344 auctoritas
1293 2294 1426 2357 apud
1461 2294 1639 2343 liberos
1676 2302 1778 2343 est:

194 2380 281 2428 sed
306 2378 504 2441 pulchre
529 2378 767 2438 intellegis
801 2393 901 2425 non
936 2393 1082 2440 posse
1117 2392 1208 2425 nos
1233 2391 1486 2440 quoquam
1511 2377 1705 2440 impelli,
1730 2386 1776 2426 et

194 2460 409 2509 fortassis
434 2475 492 2508 ea
515 2475 565 2508 re
590 2460 841 2509 minaciter
870 2461 987 2523 agiS,
1013 2468 1065 2508 ut
1098 2459 1331 2507 iudicium
1364 2466 1584 2506 nostrum
1618 2467 1775 2508 metus

195 2544 421 2592 videatur.
494 2558 539 2602 4.
577 2541 684 2590 Nos
708 2543 759 2590 in
782 2543 874 2591 hac
900 2544 1138 2591 sententia
1162 2557 1343 2601 sumus,
1370 2549 1422 2589 ut
1446 2549 1492 2589 te
1527 2542 1779 2605 cupiamus

197 2626 247 2673 in
270 2625 418 2672 libera
442 2640 493 2672 re
519 2625 712 2687 publica
743 2640 979 2688 magnum
1012 2633 1156 2688 atque
1190 2625 1454 2672 honestum
1487 2639 1607 2683 esse,
1635 2640 1776 2674 voce-

197 2723 305 2754 mus
348 2715 393 2753 te
437 2706 499 2754 ad
540 2706 694 2755 nullas
730 2708 1016 2766 inimicitias,
1053 2707 1138 2755 sed
1175 2715 1340 2755 tamen
1375 2706 1523 2769 pluris
1560 2716 1776 2757 nostram

198 2788 463 2836 libertatem
488 2802 635 2852 quam
663 2799 793 2836 tuam
828 2789 1086 2837 amicitiam
1120 2789 1446 2837 aestimemus·
1518 2788 1601 2837 Tu
1633 2791 1778 2840 etiam
