2040 3048
98 110 166 160 Ep.
196 119 254 162 ιδ,
280 95 369 164 14.]
514 105 699 149 EPIST.
739 106 821 144 AD
859 105 1135 144 ATTJCUM
1170 107 1234 147 II.
1278 108 1358 161 25.
1606 107 1674 163 35

94 240 337 287 cebamus.
409 237 683 286 Hominum
731 236 931 300 quidem
974 251 1164 284 summa
1212 251 1327 299 erga
1374 250 1467 284 nos
1515 235 1674 283 studia

94 321 495 383 significabantur,
527 320 613 367 sed
645 334 843 382 prorsus
875 319 998 367 vitae
1037 319 1223 367 taedet:
1260 318 1325 365 ita
1362 327 1471 366 sunt
1504 318 1670 365 omnia

92 403 311 450 omnium
352 402 651 450 miseriarum
695 401 986 463 plenissima.
1062 400 1218 449 Modo
1261 399 1462 448 caedem
1499 400 1670 447 timue-

92 499 267 542 ramus,
305 499 452 546 quam
489 483 641 531 oratio
682 482 928 530 fortissimi
953 483 1098 541 senis,
1132 481 1194 541 Q.
1224 481 1459 540 Considii‚
1485 482 1671 529 discus·

92 574 246 626 serat3
306 581 377 623 ea,
426 580 574 626 quam
622 565 837 629 quotidie
897 565 1066 612 timere
1120 573 1450 627 potueramuS‚
1511 565 1671 612 subito

90 655 258 696 exorta
281 657 367 695 est.
439 646 571 706 Quid
613 647 839 709 quaeris?
876 646 994 694 nihil
1031 662 1111 694 me
1158 648 1511 711 infortunalz'us,
1549 646 1675 693 nihil

89 729 377 779 fortunatius
418 736 490 777 est
522 727 710 787 Catulo,
746 744 857 777 cum
896 728 1153 791 splendore
1189 729 1327 787 vitae,
1362 729 1397 787 †
1431 736 1536 776 tum
1575 728 1670 777 hoc

91 819 323 874 tempore.
393 810 501 859 Nos
542 820 706 859 tamen
753 811 803 857 in
849 809 923 857 his
965 810 1167 858 miseriis
1206 819 1368 858 erecto
1408 810 1572 858 animo
1622 818 1670 856 et

90 894 288 942 minime
336 894 615 956 perturbato
664 907 843 950 sumus,
901 891 1338 954 honestissimeque
1386 892 1668 955 dignitatem

91 983 303 1025 nostram
339 984 386 1023 et
417 990 598 1038 magna
620 989 736 1023 cura
758 982 958 1022 tuemur.
1034 986 1078 1035 5.
1116 973 1380 1037 Pompeius
1406 974 1467 1022 de
1493 972 1670 1022 Clodio

91 1059 222 1106 iubet
258 1073 350 1107 nos
383 1073 489 1107 esse
523 1058 626 1105 sine
660 1072 774 1105 cura
808 1066 856 1104 et
892 1072 1135 1104 summam
1166 1057 1218 1104 in
1250 1072 1343 1105 nos
1380 1056 1671 1105 benevolen-

91 1141 207 1188 tiam
242 1141 378 1188 omni
424 1140 643 1188 oratione
690 1140 944 1202 significat.
1013 1138 1091 1187 Te
1136 1139 1315 1187 habere
1357 1139 1671 1187 consiliorum

93 1231 352 1282 auctorem,
409 1222 781 1271 sollicitudinum
829 1222 1031 1279 socium,
1085 1221 1221 1268 omni
1277 1222 1328 1269 in
1375 1221 1671 1283 cogitatione

92 1305 405 1353 coniunctum
433 1304 577 1367 cupio
595 1319 608 1362 ;
645 1319 744 1366 qua
778 1318 844 1362 re,
874 1312 927 1351 ut
959 1303 1218 1351 Numestio
1248 1303 1474 1350 mandavi
1507 1311 1672 1351 tecum

91 1395 142 1433 ut
167 1394 343 1449 ageret,
368 1387 483 1433 item
507 1395 650 1448 atque
675 1400 735 1433 eo
760 1386 800 1433 si
824 1394 987 1448 potest
1017 1386 1175 1433 acrius
1208 1394 1255 1434 te
1287 1401 1426 1448 rogo,
1450 1394 1503 1433 ut
1527 1385 1672 1448 plane

92 1468 153 1515 ad
188 1483 280 1517 nos
316 1467 544 1516 advoles:
581 1468 834 1530 respiraro,
872 1468 911 1516 si
947 1476 994 1515 te
1030 1468 1212 1516 videro.

471 1626 545 1670 14.
617 1611 712 1659 AD
748 1610 1074 1659 ATTICUM
1110 1610 1176 1659 11.
1217 1623 1294 1672 25.

336 1700 442 1750 SCR.
484 1699 666 1750 ROMAE
699 1716 856 1749 MENSE
894 1700 1106 1757 SExnm,
1142 1715 1280 1750 A.U.c.
1310 1703 1423 1762 695.

632 1805 803 1839 cremo
839 1805 1016 1838 ATnco
1052 1805 1151 1839 SAL.

164 1896 204 1929 1.
243 1879 359 1929 CUM
395 1879 601 1943 aliquem
636 1881 767 1943 apud
802 1888 848 1928 te
882 1879 1083 1927 laudaro
1119 1886 1314 1927 tuorum
1350 1879 1669 1938 familiarium,

91 1962 251 2010 volam
280 1962 413 2009 illurn
447 1963 568 2010 scire
600 1978 660 2010 ex
694 1970 740 2010 te
773 1977 852 2010 me
885 1962 935 2010 id
967 1962 1156 2020 fecisse,
1180 1970 1234 2009 ut
1270 1977 1425 2024 nuper
1462 1978 1540 2010 me
1578 1963 1672 2010 scis

94 2044 339 2106 scripsisse
381 2044 444 2092 ad
479 2052 526 2092 te
562 2044 622 2092 de
658 2043 890 2092 Varronis
927 2059 1045 2106 erga
1079 2059 1158 2092 me
1194 2043 1371 2102 officio,
1410 2052 1457 2092 te
1494 2045 1557 2092 ad
1594 2059 1672 2091 me

93 2126 391 2188 rescripsisse
416 2141 525 2174 eam
548 2141 653 2174 rem
677 2142 896 2175 summae
922 2126 1006 2174 tibi
1030 2126 1263 2189 voluptati
1288 2142 1393 2174 esse
1413 2143 1426 2187 3
1463 2126 1551 2175 sed
1575 2142 1670 2190 ego

93 2207 285 2256 mallem
321 2208 383 2256 ad
419 2208 550 2255 illum
587 2209 862 2270 scripsisses
897 2208 1015 2255 mihi
1050 2208 1185 2256 illum
1222 2208 1335 2257 satis
1369 2207 1540 2268 facere,
1568 2224 1670 2256 non

94 2305 191 2353 quo
214 2289 404 2349 faceret,
426 2290 512 2338 sed
536 2299 589 2338 ut
612 2290 804 2339 faceret.
876 2291 1158 2339 Mirabiliter
1183 2292 1315 2338 enim
1339 2301 1556 2339 moratus
1582 2300 1670 2350 est,

95 2372 214 2421 sicut
237 2372 378 2429 nosti,
420 2375 564 2419 ἑλικτὰ
605 2376 671 2419 καὶ
711 2375 912 2422 οὐδέν-.
990 2373 1087 2423 Sed
1128 2388 1220 2421 nos
1262 2382 1487 2422 tenemus
1535 2389 1672 2437 prae-

95 2463 290 2516 ceptum
329 2454 461 2512 illud,
503 2457 577 2503 τὰς
613 2461 698 2502 τῶν
732 2455 1010 2516 κρατούντων.
1080 2456 1145 2503 At
1182 2455 1374 2503 hercule
1411 2456 1529 2504 alter
1564 2465 1674 2504 tuus

96 2535 352 2595 familiaris,
390 2535 638 2596 Hortalus,
676 2553 823 2600 quam
866 2538 1011 2601 plena
1053 2553 1216 2596 manu,
1257 2553 1404 2601 quam
1445 2539 1674 2601 ingenue,

96 2632 242 2680 quam
282 2626 450 2666 ornate
498 2628 689 2668 nostras
735 2620 901 2668 laudes
948 2621 998 2667 in
1046 2629 1173 2668 astra
1215 2620 1416 2678 sustulit,
1457 2636 1569 2669 cum
1613 2623 1673 2671 de

95 2697 254 2746 Flacci
279 2709 500 2762 praetura
524 2709 571 2748 et
596 2702 656 2749 de
682 2702 762 2749 illo
787 2710 1005 2765 tempore
1031 2701 1354 2764 Allobrogum
1373 2702 1577 2752 diceretl
1605 2706 1673 2754 sic

95 2779 286 2839 habet0,
323 2796 414 2829 nec
450 2784 688 2831 amantius
728 2799 819 2832 nec
858 2783 1254 2833 honorificentius
1292 2801 1382 2833 nee
1425 2787 1672 2851 copiosius

843 2887 927 2922 Da
