2040 3048
316 74 418 144 256
744 84 807 123 M.
851 83 1050 123 TULLII
1085 84 1398 123 CICERONIS
1693 73 1805 142 [Pars
1839 85 1889 127 v.
2009 0 2040 227 1

318 216 492 265 deinde
520 216 601 280 qui
627 223 673 264 et
698 230 775 263 me
801 223 848 263 et
881 231 982 262 rem
1015 215 1255 277 publicam
1280 215 1520 264 vindicare
1553 215 1603 262 in
1626 215 1891 263 libertatem
2036 264 2040 266 .

315 306 509 362 paratus
547 298 653 345 sim.
727 299 770 344 6.
811 295 963 355 Quod
994 295 1275 345 familiarem
1308 312 1471 345 meum
1497 298 1546 344 in
1577 305 1770 345 tuorum
1801 312 1892 344 nu·
1991 346 1994 348 ,
2031 300 2040 355 j

315 394 452 428 mero
490 379 655 437 habeS,
695 378 925 440 opinione
967 386 1049 426 tua
1082 377 1198 425 mihi
1233 379 1413 441 gratius
1450 387 1548 438 est;
1599 378 1791 427 invideo
1826 378 1891 426 illi

315 470 493 519 tamen,
519 460 652 523 quod
684 460 898 508 ambulat
929 468 977 508 et
1008 460 1190 508 iocatur
1221 469 1395 509 tecum.
1468 460 1701 520 Quaeres,
1728 459 1893 524 quanti

316 544 370 591 id
401 542 685 606 aestimem?
756 541 808 590 Si
855 557 1087 605 umquam
1129 542 1311 591 licuerit
1351 544 1506 591 vivere
1553 543 1603 590 in
1650 543 1767 600 otio,
1809 557 1892 590 ex-

316 625 540 689 perieris3
577 623 762 672 nullum
792 625 924 672 enim
956 624 1210 687 vestigium
1242 626 1328 673 abs
1362 633 1408 673 te
1443 626 1740 674 discessurus
1767 639 1890 672 sum.

317 708 444 756 Illud
462 706 769 754 vehementer
792 705 1016 764 admiror,
1036 721 1137 754 non
1162 707 1408 769 scripsisse
1432 715 1479 755 te
1497 707 1627 766 mihi,
1648 705 1892 755 manendo

316 791 366 838 in
390 788 637 852 provincia
662 803 725 836 an
750 787 978 836 ducendo
1003 788 1263 836 exercitum
1288 790 1336 836 in
1361 789 1548 837 Italiam
1574 790 1641 838 rei
1673 789 1892 852 publicae

316 871 473 934 magis
510 871 623 919 satis
658 870 816 918 facere
852 869 1065 932 possim:
1103 885 1196 932 ego
1233 871 1444 933 quidem,
1471 872 1557 919 etsi
1594 871 1711 918 mihi
1746 871 1894 918 tutius

317 970 374 1002 ac
409 953 569 1000 minus
604 951 897 1000 laboriosum
935 959 1008 999 est
1043 967 1253 1010 manere,
1285 961 1462 1012 tamen,
1488 953 1602 1015 quia
1637 952 1777 1000 video
1812 951 1893 999 tali

317 1044 537 1097 tempore
578 1033 728 1081 multo
770 1033 925 1096 magis
966 1033 1236 1096 legionibus
1278 1049 1403 1102 opus
1445 1050 1552 1083 esse
1593 1048 1741 1097 quam
1780 1047 1893 1096 pro-

319 1116 497 1174 vinciis,
530 1130 654 1179 quae
687 1115 968 1178 praesertim
1004 1115 1256 1178 reciperari
1290 1116 1422 1164 nullo
1457 1117 1654 1179 negotio
1690 1116 1892 1179 possint,

321 1199 560 1257 constitui,
598 1206 650 1246 ut
685 1213 816 1247 nunc
850 1206 937 1257 est,
975 1214 1087 1246 cum
1122 1199 1334 1246 exercitu
1377 1198 1632 1263 proficisci.
1702 1197 1894 1247 Deinde

321 1297 379 1329 ex
422 1281 598 1340 litteris,
643 1295 766 1343 quas
813 1279 999 1328 Pansae
1046 1280 1169 1338 misi,
1212 1296 1482 1343 cognosces
1529 1280 1725 1339 omnia;
1779 1295 1894 1328 narn

321 1365 405 1414 tibi
431 1379 597 1412 earum
623 1363 869 1426 exemplar
893 1363 1013 1411 misi.
1086 1379 1198 1411 xvn.
1225 1363 1334 1412 Kal.
1361 1364 1511 1426 April.
1540 1363 1782 1412 Corduba.

659 1484 767 1529 130.
839 1479 934 1527 AD
970 1479 1390 1527 FAMILIARES
1427 1480 1488 1528 X.
1526 1482 1570 1528 6.

517 1575 628 1626 SeR.
667 1576 847 1624 ROMAE
872 1590 970 1623 xm.
1009 1575 1136 1622 KAL.
1166 1574 1376 1622 APRILES
1412 1590 1549 1625 A.u.c.
1587 1585 1702 1637 711.

912 1680 1081 1714 CICERO
1116 1680 1313 1713 PLANCO.

401 1771 440 1803 1.
478 1754 626 1814 QUAE
662 1754 851 1803 locutus
887 1762 961 1802 est
995 1753 1201 1801 Furnius
1236 1761 1398 1801 noster
1436 1753 1495 1801 de
1532 1755 1693 1802 animo
1729 1764 1812 1803 tuo
1847 1756 1898 1803 in

327 1854 430 1886 rem
466 1837 724 1900 publicam,
762 1852 819 1884 ea
853 1836 1124 1899 gratissima
1170 1835 1362 1884 fuerunt
1398 1837 1584 1885 senatui
1619 1838 1897 1900 populoque

332 1921 558 1970 Romano
584 1918 952 1981 probatissima;
990 1934 1114 1981 quae
1138 1926 1296 1966 autem
1322 1919 1543 1967 recitatae
1575 1919 1756 1968 litterae
1789 1928 1900 1968 sunt

330 2006 381 2053 in
430 2009 601 2050 senatu
650 2015 959 2062 nequaquam
1005 2002 1276 2049 consentire
1323 2016 1434 2049 cum
1480 2001 1643 2050 Furnii
1683 2002 1899 2050 oratione

331 2085 459 2133 visae
497 2090 634 2131 sunt:
689 2083 822 2144 pacis
860 2082 988 2129 enim
1031 2091 1197 2131 auctor
1237 2098 1356 2140 eras,
1396 2099 1507 2130 cum
1547 2083 1735 2145 collega
1774 2092 1898 2141 tuus,

330 2167 398 2215 vir
435 2164 741 2222 clarissimus,
779 2179 807 2211 a
838 2163 1127 2212 foedissimis
1169 2164 1430 2213 latronibus
1466 2164 1778 2223 obsideretur,
1816 2165 1899 2228 qui

330 2256 412 2298 aut
439 2246 607 2310 positis
644 2246 789 2294 armis
819 2262 991 2309 pacem
1023 2255 1183 2309 petere
1220 2246 1398 2294 debent
1430 2254 1525 2306 aut,
1554 2246 1594 2294 si
1626 2256 1898 2309 pugnantes

334 2346 441 2380 eam
476 2328 736 2392 postulant,
768 2329 962 2376 victoria
997 2344 1107 2392 pax,
1144 2344 1245 2376 non
1281 2329 1505 2391 pactione
1544 2329 1776 2391 parienda
1810 2339 1896 2380 est.

334 2411 430 2461 Sed
455 2412 515 2460 de
541 2426 662 2474 pace
687 2410 867 2459 litterae
892 2411 965 2458 vel
998 2410 1168 2473 Lepidi
1201 2410 1274 2458 vel
1306 2418 1415 2458 tuae
1448 2425 1594 2473 quam
1628 2411 1677 2457 in
1711 2421 1897 2473 partem

331 2502 560 2557 acceptae
593 2494 696 2551 sint,
725 2509 784 2541 ex
809 2494 909 2542 viro
939 2494 1139 2556 optimo,
1167 2492 1307 2540 fratre
1339 2500 1437 2551 tuo,
1463 2501 1510 2540 et
1543 2508 1602 2540 ex
1635 2491 1692 2541 C.
1717 2493 1896 2544 Furnio

330 2576 512 2640 poteris
544 2591 856 2638 cognoscere.
930 2591 971 2624 2.
1010 2575 1094 2623 Me
1131 2584 1290 2623 autem
1320 2575 1506 2636 impulit
1537 2575 1604 2622 tui
1629 2575 1799 2625 caritas
1830 2586 1898 2636 ut,

332 2673 628 2721 quamquam
680 2674 771 2706 nec
822 2658 906 2705 tibi
958 2657 1049 2720 ipsi
1100 2656 1351 2705 consilium
1403 2656 1592 2705 deesset
1646 2666 1692 2705 et
1748 2658 1898 2708 fratris

332 2740 590 2803 Furniique
633 2739 967 2787 benevolentia
1003 2739 1247 2802 fidelisque
1286 2739 1541 2803 prudentia
1580 2738 1664 2788 tibi
1702 2749 1896 2803 praesto
