2040 3048
185 130 366 198 Ep·98·]
512 139 699 181 EPIST.
739 140 821 181 AD
858 137 1227 180 FAMJLJARES
1266 139 1345 179 ιν.
1385 139 1433 197 5.
1657 140 1762 193 209

183 272 403 328 possunt,
440 264 507 314 uti
555 265 710 327 magis
758 264 849 327 ipsi
886 264 1136 313 videantur
1181 263 1385 312 aliorum
1426 262 1760 311 consolatione

182 345 396 408 indigere
422 361 570 409 quam
595 345 696 395 aliis
721 360 866 408 posse
901 361 1041 394 suum
1078 345 1290 394 officium
1313 352 1570 408 praestare,
1598 352 1759 392 tamen

181 443 306 490 quae
351 427 403 476 in
445 427 716 491 praesentia
763 428 813 475 in
860 436 1075 476 mentem
1123 428 1239 476 mihi
1281 435 1526 485 venerunt,
1572 424 1760 475 decrevi

182 511 311 560 brevi
343 510 406 559 ad
439 518 484 559 te
508 509 817 574 perscribere,
845 525 946 559 non
976 525 1074 573 quo
1112 526 1169 558 ea
1202 518 1248 558 te
1272 509 1437 572 fugere
1474 508 1759 565 existimem,

179 590 266 639 sed
301 591 435 654 quod
464 590 663 641 forsitan
700 590 866 640 dolore
902 591 1162 655 impeditus
1196 591 1358 639 minus
1395 606 1453 639 ea
1481 589 1759 654 perspicias,

182 689 225 721 2.
263 672 397 732 Quid
429 680 501 722 est
530 673 665 736 quod
701 681 836 722 tanto
870 688 1018 736 opere
1052 680 1098 721 te
1135 680 1442 721 commoveat
1478 680 1587 721 tuus
1622 670 1762 719 dolor

177 754 461 803 intestinus?
498 755 671 818 cogita,
699 770 845 818 quem
871 755 933 804 ad
957 754 1161 803 modum
1195 754 1352 802 adhuc
1378 753 1571 801 fortuna
1595 752 1760 800 nobis-

179 852 290 885 cum
328 837 509 900 egerit:
546 853 604 886 ea
639 838 782 886 nobis
823 846 989 900 erepta
1024 853 1146 896 esse,
1183 852 1308 900 quae
1344 836 1622 884 hominibus
1659 849 1761 882 non

178 917 338 966 minus
363 933 511 982 quam
538 919 671 967 liberi
696 935 807 970 cara
842 935 948 968 esse
975 919 1168 978 debent,
1193 919 1411 982 patriam,
1439 918 1759 975 honestatem,

179 999 476 1063 dignitatem,
519 1001 730 1050 honores
772 1017 962 1051 omnes.
1035 1000 1150 1049 Hoc
1186 1015 1286 1048 uno
1322 999 1640 1048 incommodo
1676 998 1759 1046 ad-

178 1081 280 1129 dito
305 1083 422 1146 quid
454 1084 518 1134 ad
550 1084 769 1133 dolorem
803 1084 1000 1147 adiungi
1025 1083 1218 1147 potuit?
1254 1090 1336 1130 aut
1360 1082 1442 1146 qui
1466 1096 1570 1129 non
1593 1081 1643 1128 in
1670 1079 1760 1127 illis

177 1164 321 1213 rebus
358 1166 644 1215 exercitatus
674 1168 865 1216 animus
902 1167 1072 1215 callere
1105 1166 1202 1214 iam
1240 1165 1383 1214 debet
1415 1173 1558 1227 atque
1595 1162 1761 1211 omnia

176 1246 376 1295 minoris
419 1248 725 1298 existimare?
797 1265 843 1311 3.
893 1249 975 1296 An
1016 1248 1140 1296 illius
1182 1248 1351 1305 vicem,
1391 1246 1552 1304 cred0‚
1591 1244 1758 1293 doles?

177 1328 401 1390 quotiens
438 1329 489 1378 in
524 1345 634 1378 eam
671 1330 1018 1393 cogitationem
1055 1345 1256 1378 necesse
1295 1336 1368 1376 est
1404 1336 1450 1376 et
1486 1335 1538 1375 tu
1573 1326 1759 1374 veneris

176 1418 222 1458 et
258 1425 349 1458 nos
392 1426 537 1474 saepe
579 1412 850 1471 incidimuS,
889 1412 1022 1461 hisce
1063 1412 1362 1475 temporibus
1406 1425 1507 1458 non
1548 1409 1758 1472 pessime

174 1506 287 1539 cum
312 1491 369 1539 iis
395 1507 502 1541 esse
527 1500 702 1552 actum,
723 1494 899 1559 quibus
925 1495 1028 1542 sine
1055 1494 1222 1542 dolore
1247 1493 1428 1541 licitum
1455 1499 1528 1540 est
1550 1497 1758 1539 mortem

175 1589 287 1622 cum
311 1575 406 1622 vita
441 1577 776 1626 commutare?
848 1575 982 1636 Quid
1018 1584 1179 1625 autern
1216 1575 1303 1624 fuit
1340 1575 1474 1639 quod
1509 1573 1638 1622 illam
1663 1573 1757 1622 hoc

174 1666 392 1721 tempore
417 1657 479 1706 ad
502 1659 760 1709 vivendum
786 1675 965 1722 magno
1000 1675 1148 1723 opere
1172 1659 1368 1706 invitare
1392 1658 1590 1722 posset?
1633 1671 1756 1719 quae

172 1742 281 1790 res?
324 1756 449 1805 quae
486 1742 631 1804 spes?
680 1743 810 1805 quod
847 1743 995 1791 animi
1032 1743 1297 1791 solacium?
1341 1740 1408 1789 Ut
1443 1756 1556 1789 cum
1593 1740 1756 1804 aliquo

174 1822 480 1872 adulescente
511 1825 739 1886 primario
777 1826 1038 1874 coniuncta
1074 1833 1280 1872 aetatem
1317 1823 1536 1887 gereret?
1574 1823 1756 1871 licitum

173 1912 246 1952 est
269 1904 368 1963 tibi,
394 1905 555 1965 cred0‚
575 1921 664 1968 pro
690 1915 771 1956 tua
797 1906 1026 1969 dignitate
1052 1923 1111 1955 ex
1135 1907 1226 1955 hac
1253 1907 1496 1954 iuventute
1522 1919 1756 1967 generum

173 1986 393 2049 deligere,
444 1988 578 2036 cuius
626 1988 738 2037 fidei
797 1989 973 2038 liberos
1026 1998 1136 2037 tuos
1196 1997 1243 2037 te
1290 1996 1395 2037 tuto
1454 1987 1754 2036 committere

172 2071 392 2132 putares!
463 2071 545 2119 An
580 2080 633 2119 ut
674 2087 732 2122 ea
766 2072 942 2122 liberos
986 2088 1046 2120 ex
1091 2088 1198 2121 sese
1234 2079 1435 2136 pareret,
1473 2085 1598 2135 quos
1643 2085 1754 2118 cum

172 2151 397 2200 florentes
433 2154 615 2202 videret
649 2154 937 2203 laetaretur?
975 2156 1058 2218 qui
1095 2170 1197 2203 rem
1234 2170 1262 2203 a
1297 2161 1496 2218 parente
1532 2152 1754 2201 traditam

171 2249 256 2295 per
281 2249 332 2282 se
357 2243 520 2284 tenere
544 2238 778 2299 possent?
816 2237 1029 2287 honores
1057 2237 1314 2288 ordinatim
1341 2235 1533 2300 petituri
1558 2233 1752 2284 essent?

169 2315 220 2362 in
254 2331 305 2364 re
342 2317 546 2379 publica,
580 2319 629 2366 in
666 2320 935 2373 amicorum
972 2319 1178 2382 negotiis
1215 2319 1430 2367 libertate
1468 2333 1555 2366 sua
1589 2317 1752 2365 usuri?

170 2396 287 2458 quid
310 2397 483 2446 horum
508 2399 596 2448 fuit
619 2402 753 2463 quod
777 2417 879 2450 non
905 2402 1036 2465 prius
1062 2417 1208 2464 quam
1243 2401 1410 2449 datum
1447 2408 1519 2448 est
1554 2399 1752 2462 ademp-

170 2486 271 2526 tum
296 2479 390 2528 sit?
462 2485 473 2506 ‘
492 2481 556 2530 At
574 2497 688 2531 vero
713 2483 895 2533 malum
921 2492 994 2532 est
1012 2483 1189 2531 liberos
1217 2480 1463 2530 amittere.'
1534 2480 1750 2530 Malum:

170 2561 260 2608 nisi
285 2561 378 2614 hoc
402 2564 539 2626 peius
565 2573 651 2624 est,
678 2565 798 2615 haec
837 2566 1032 2614 sufferre
1070 2574 1116 2614 et
1141 2565 1342 2629 perpeti.
1419 2581 1463 2623 4.
1502 2562 1642 2622 Quae
1675 2579 1751 2612 res

169 2643 286 2691 mihi
328 2660 428 2696 non
476 2647 771 2697 mediocrem
820 2649 1207 2698 consolationem
1253 2647 1471 2705 attulerit,
1511 2646 1623 2695 volo
1666 2646 1749 2694 tibi

170 2741 566 2788 commemorare,
599 2731 637 2778 si
674 2730 795 2780 forte
832 2731 1006 2780 eadem
1042 2746 1118 2778 res
1154 2730 1239 2778 tibi
1277 2730 1495 2781 dolorem
1532 2728 1751 2777 minuere

170 2809 336 2871 possit.
410 2809 488 2859 Ex
535 2811 655 2862 Asia
713 2813 915 2871 rediens,
967 2827 1079 2861 cum
1140 2812 1200 2860 ab
1248 2811 1438 2875 Aegina
1491 2809 1748 2877 Megaram

939 2909 967 2944 Ρ
