2040 3048
306 90 402 141 106
763 103 827 144 M.
874 103 1071 143 TULLII
1109 104 1422 146 CICERONIS
1674 93 1788 167 [Pars
1816 108 1868 150 11.

296 235 394 284 tu0,
435 228 597 277 multis
644 228 772 277 aliis:
825 229 865 278 si
912 229 1181 292 praefectus
1227 232 1365 280 vellet
1411 246 1518 280 esse
1565 233 1868 296 syngraphae

296 325 452 368 causa,
479 326 557 358 me
590 319 862 359 curaturum
895 319 947 359 ut
979 312 1204 375 exigeret.
1276 313 1467 362 Gratias
1500 314 1613 377 egit,
1638 315 1866 364 discessit.

296 391 485 453 Appius
544 398 708 439 noster
764 400 945 440 turmas
1001 392 1184 456 aliquot
1237 395 1453 457 equitum
1508 395 1703 444 dederat
1758 397 1867 445 huic

296 472 503 536 Scapti0‚
538 487 626 536 per
666 488 786 535 quas
835 472 1121 523 Salaminios
1158 481 1413 534 coe'rceret,
1450 485 1498 524 et
1539 477 1747 526 eundern
1782 477 1867 526 ha-

293 556 460 601 buerat
489 554 784 617 praefectum
800 570 814 614 ;
850 556 1054 604 vexabat
1087 556 1386 606 Salaminios.
1457 558 1569 621 Ego
1594 561 1776 623 equites
1807 578 1866 610 ex

294 634 458 698 Cypro
490 635 722 684 decedere
758 637 900 685 iussi:
936 637 1136 686 moleste
1172 639 1275 687 tulit
1312 639 1546 704 Scaptius.
1624 657 1698 691 11.
1735 642 1868 702 Quid

292 717 472 765 multa?
530 725 585 765 ut
635 718 680 765 ei
734 718 880 766 fidem
932 734 1093 767 meam
1147 730 1455 783 praestarem,
1506 739 1616 771 cum
1671 725 1734 772 ad
1787 740 1866 773 me

294 797 538 847 Salaminii
574 799 783 847 Tarsum
818 800 1061 849 venissent
1095 809 1144 849 et
1178 802 1228 849 in
1267 803 1324 851 iis
1367 802 1602 867 Scaptius,
1639 805 1867 868 imperavi

292 889 344 928 ut
373 882 631 944 pecuniam
664 882 916 930 solverent.
988 881 1143 931 Multa
1179 884 1238 932 de
1274 885 1563 948 syngrapha,
1589 886 1650 934 de
1687 886 1867 949 Scaptii

292 962 502 1010 iniuriis:
540 963 713 1024 negavi
747 978 827 1011 me
863 963 1042 1011 audire.
1115 963 1352 1015 Hortatus
1388 981 1511 1025 sum,
1543 968 1687 1029 petivi
1723 969 1866 1016 etiarn

291 1058 379 1105 pro
420 1044 541 1092 meis
590 1044 642 1091 in
684 1044 920 1092 civitatem
963 1044 1221 1105 beneficiis,
1259 1055 1313 1095 ut
1359 1049 1611 1110 negotium
1658 1050 1867 1098 confice-

290 1133 394 1173 rent
411 1140 425 1185 3
463 1126 671 1189 denique
701 1127 798 1173 dixi
832 1142 912 1174 me
939 1135 1233 1177 coacturum.
1305 1128 1548 1178 Homines
1581 1146 1684 1178 non
1716 1131 1867 1180 modo

289 1220 389 1254 non
430 1222 664 1267 recusare,
704 1209 791 1256 sed
832 1209 977 1256 etiam
1019 1209 1113 1257 hoc
1157 1210 1327 1269 dicere,
1368 1226 1420 1259 se
1459 1227 1489 1259 a
1529 1228 1608 1260 me
1650 1213 1833 1262 solvere
1851 1230 1865 1274 3

290 1287 423 1350 quod
452 1290 582 1337 enim
618 1291 823 1353 praetori
859 1291 973 1340 dare
1009 1300 1340 1351 consuessent,
1374 1294 1606 1355 quoniam
1638 1309 1732 1358 ego
1766 1311 1866 1343 non

289 1384 586 1432 acceperam,
626 1387 678 1419 se
720 1387 749 1420 a
786 1387 864 1420 me
911 1374 1127 1436 quodam
1175 1374 1326 1421 modo
1369 1375 1497 1433 dare,
1537 1383 1680 1438 atque
1721 1378 1866 1425 etiam

288 1451 447 1499 minus
484 1468 591 1501 esse
629 1454 873 1517 aliquanto
910 1455 960 1502 in
998 1455 1175 1518 Scaptii
1212 1456 1410 1504 nomine
1451 1471 1598 1519 quam
1637 1458 1686 1504 in
1722 1460 1866 1507 vecti-

287 1533 382 1594 gali
440 1535 694 1596 praetorio.
784 1535 1065 1584 Collaudavi
1123 1537 1359 1585 homines.
1449 1537 1660 1597 ‘Recte,'
1713 1540 1867 1602 inquit

289 1613 510 1677 Scaptius
540 1617 655 1665 ‘sed
692 1618 1017 1666 subducamus
1053 1619 1321 1667 summam!
1393 1619 1593 1667 Interim
1626 1636 1737 1670 cum
1771 1637 1864 1683 ego

287 1697 336 1743 in
384 1697 541 1746 edicto
589 1700 819 1748 tralaticio
861 1701 1150 1749 contesimas
1191 1717 1270 1749 me
1311 1703 1674 1750 observaturum
1716 1702 1866 1751 habe-

286 1793 388 1826 rem
441 1794 553 1828 cum
605 1782 907 1830 anatocismo
960 1783 1297 1841 anniversario,
1346 1783 1424 1830 ille
1475 1799 1537 1831 ex
1589 1785 1867 1847 syngrapha

285 1861 561 1923 postulabat
601 1872 873 1926 quaternas.
947 1864 1107 1923 ‘Quid
1148 1865 1277 1913 ais?’
1328 1865 1529 1928 inquam
1571 1868 1865 1929 ‘possumne

287 1950 456 1990 contra
490 1959 654 1991 meum
689 1945 958 1994 edictum?'
1008 1945 1072 1993 At
1108 1946 1185 1993 ille
1221 1946 1402 2008 profert
1441 1954 1635 1995 senatus
1673 1949 1863 1997 consul-

285 2031 388 2070 tum
435 2023 641 2073 Lentulo
691 2026 1010 2089 Philippoque
1059 2027 1352 2086 consulibuS,
1395 2043 1460 2076 vr
1506 2044 1588 2084 Qv1
1636 2028 1865 2079 CILICIAM

286 2120 558 2154 OBTmERET
594 2121 666 2155 1vs
701 2122 763 2155 Ex
799 2123 912 2155 ILLA
946 2121 1227 2156 SYNGRAPHA
1263 2124 1481 2157 mCERET.
1562 2126 1634 2157 12.
1677 2109 1864 2158 Cohor-

285 2187 355 2234 rui
398 2187 582 2249 primo;
639 2189 815 2236 etenim
857 2197 957 2236 erat
999 2190 1217 2238 interitus
1257 2191 1486 2239 civitatis:
1536 2192 1724 2254 reperio
1767 2193 1864 2240 duo

286 2277 480 2317 senatus
506 2270 726 2318 consulta
758 2271 914 2318 isdem
948 2271 1226 2319 consulibus
1260 2271 1320 2319 de
1353 2272 1523 2319 eadem
1557 2274 1862 2336 syngrapha3

287 2350 531 2398 Salaminii
567 2367 679 2400 cum
717 2351 905 2400 Romae
940 2367 1184 2401 versuram
1220 2351 1377 2400 facere
1414 2354 1601 2412 vellent,
1636 2369 1736 2402 non
1774 2370 1862 2418 po-

285 2440 455 2488 terant,
491 2435 624 2496 quod
660 2435 737 2483 lex
775 2434 985 2484 Gabinia
1016 2436 1218 2483 vetebat.
1292 2434 1424 2482 Tum
1460 2436 1516 2484 iis
1554 2436 1688 2484 Bruti
1725 2438 1861 2486 fami-

284 2515 437 2574 liares,
474 2514 578 2563 freti
613 2516 766 2578 gratia
807 2515 955 2576 Bruti,
993 2516 1106 2564 dare
1142 2516 1366 2564 volebant
1401 2518 1659 2579 quaternis,
1695 2519 1735 2566 si
1773 2519 1862 2566 sibi

285 2606 478 2645 senatus
527 2599 747 2647 consulto
798 2606 1055 2647 caveretur.
1141 2598 1215 2645 Fit
1273 2599 1425 2660 gratia
1481 2598 1615 2647 Bruti
1666 2609 1861 2648 senatus

285 2679 569 2738 consultum,
612 2695 677 2728 vT
718 2696 844 2729 NEVE
888 2679 1168 2728 SALAmmns
1215 2695 1340 2728 NEVE
1387 2696 1470 2736 er
1515 2696 1588 2729 ms
1634 2695 1861 2730 DEmssm·

283 2775 460 2809 FRAvm
492 2776 660 2809 ESSET:
694 2762 953 2824 pecuniam
989 2769 1313 2809 numerarunt.
1386 2757 1492 2829 [Et]
1530 2769 1701 2824 postea
1733 2764 1861 2811 venit

2030 1174 2040 1297 ἰρι-μ..
2035 1153 2040 1158 .
2035 1118 2040 1129 ..
2036 1071 2040 1076 .
2036 1025 2040 1030 .
