2040 3048
286 105 357 159 90
739 101 801 142 M.
848 101 1043 141 TULLII
1079 101 1390 141 CICERONIS
1668 89 1778 161 [Pan
1799 102 1851 143 11.

288 242 393 274 rum
418 233 682 285 ventorum,
705 241 827 289 quos
854 226 1096 288 proposui,
1124 225 1398 274 moderator
1422 225 1619 288 quidam
1645 233 1692 274 et
1715 226 1851 289 quasi

289 309 580 370 gubernator
597 325 609 367 ;
637 308 717 370 qui
743 308 781 354 si
806 322 864 354 ex
890 308 1114 355 omnibus
1139 323 1263 355 unus
1287 307 1527 370 optandus
1547 316 1686 365 esset,
1707 322 1851 370 quem

290 399 448 438 tecum
490 389 705 437 conferre
748 404 1017 451 possemus,
1060 404 1160 437 non
1207 390 1505 437 haberemus.
1578 388 1741 447 Quam
1788 388 1853 434 ob

290 487 405 530 rem,
432 471 470 518 si
502 486 580 518 me
613 485 892 529 memorem,
919 471 958 517 si
991 479 1195 533 gratum,
1222 472 1262 519 si
1291 472 1476 518 bonum
1512 470 1662 517 virum
1697 469 1769 516 vel
1794 483 1853 515 ex

291 553 384 601 hoc
408 553 528 615 ipso,
555 552 686 616 quod
711 559 809 600 tam
834 551 1141 600 vehementer
1166 553 1226 600 de
1258 553 1443 600 Milone
1475 552 1705 609 laborem,
1731 551 1853 598 exis-

292 635 456 683 timare
481 642 631 697 potes,
653 634 690 682 si
717 634 914 695 dignum
941 635 1146 697 denique
1173 636 1265 683 tuis
1283 634 1529 683 beneficiis
1548 634 1744 691 iudicas,
1761 633 1855 679 hoc

290 733 319 765 a
344 725 389 765 te
414 725 536 780 peto,
552 724 604 764 ut
628 716 881 764 subvenias
906 716 1014 764 huic
1039 732 1176 765 meae
1201 716 1508 765 sollicitudini
1527 724 1573 763 et
1591 716 1700 763 huic
1719 729 1857 761 meae

290 799 419 847 laudi
441 798 527 856 vel,
547 806 600 846 ut
623 798 776 846 verius
801 797 972 855 dicam,
994 813 1146 860 prope
1167 798 1305 846 saluti
1324 806 1461 845 tuum
1481 797 1692 846 studium
1711 796 1855 844 dieeS.

292 878 367 927 De
391 880 497 942 ipso
525 880 585 928 T.
611 880 775 928 Annio
800 887 983 928 tantum
1008 879 1090 926 tibi
1115 879 1360 941 polliceor,
1387 887 1433 927 te
1466 879 1661 926 maioris
1695 877 1856 934 animi,

292 962 547 1023 gravitatis,
574 962 868 1011 constantiae
904 961 1366 1023 benevolentiaeque
1403 976 1518 1023 erga
1553 969 1613 1018 te,
1649 960 1688 1008 si
1724 973 1858 1007 com·

294 1042 433 1104 plecti
466 1043 712 1092 hominem
742 1044 959 1102 volueris,
985 1042 1259 1089 habiturum
1292 1057 1397 1089 esse
1435 1041 1676 1088 neminem
1693 1056 1705 1100 ;
1744 1041 1860 1087 mihi

294 1138 404 1171 vero
461 1133 644 1174 tantum
699 1126 900 1184 decoris,
950 1131 1137 1172 tantum
1185 1123 1427 1186 dignitatis
1476 1123 1763 1180 adiunxeris,
1810 1130 1860 1170 ut

294 1205 500 1254 eundem
525 1215 570 1255 te
595 1208 730 1255 facile
756 1221 1019 1270 agnoscam
1044 1205 1188 1253 fuisse
1213 1206 1262 1252 in
1287 1205 1429 1253 laude
1454 1220 1577 1263 mea,
1603 1205 1685 1267 qui
1718 1203 1860 1251 fueris

295 1287 342 1334 in
367 1287 528 1337 salute.
601 1302 644 1350 5.
670 1290 794 1352 Ego,
815 1290 862 1336 ni
883 1297 927 1336 te
947 1288 1106 1335 videre
1123 1288 1309 1345 scirem,
1330 1303 1443 1335 cum
1462 1287 1525 1334 ad
1544 1295 1589 1335 te
1604 1286 1723 1334 haec
1747 1285 1860 1333 scri-

295 1369 470 1428 berem,
490 1379 722 1434 quantum
741 1371 882 1419 officii
902 1370 1200 1427 sustinerem,
1220 1376 1404 1431 quanto
1429 1383 1575 1431 opere
1601 1368 1717 1415 mihi
1735 1375 1862 1415 esset

295 1451 343 1498 in
367 1450 456 1499 hac
481 1453 709 1514 petitione
734 1452 930 1500 Milonis
963 1451 1096 1499 omni
1123 1466 1225 1499 non
1249 1450 1397 1499 modo
1425 1450 1749 1507 contentione,
1775 1447 1862 1496 sed

295 1534 438 1583 etiam
459 1533 762 1584 dimicatione
779 1534 1140 1591 elaborandum,
1162 1533 1298 1595 plura
1317 1533 1603 1580 scriberem:
1629 1546 1760 1578 nunc
1779 1530 1862 1578 tibi

295 1634 491 1667 omnem
513 1633 614 1666 rem
639 1625 780 1680 atque
804 1631 1000 1664 causam
1023 1630 1199 1677 meque
1224 1622 1379 1663 totum
1403 1612 1695 1661 commendo
1720 1620 1863 1675 atque

295 1701 446 1749 trado.
482 1699 647 1748 Unum
666 1698 760 1746 hoc
787 1698 853 1746 sic
878 1697 1056 1745 habeto
1076 1713 1087 1746 ε
1126 1697 1164 1745 si
1196 1712 1226 1744 a
1248 1704 1295 1744 te
1319 1696 1444 1744 hanc
1468 1711 1571 1744 rem
1590 1695 1862 1757 impetraro,

295 1798 373 1830 me
398 1797 551 1845 paene
575 1780 682 1844 plus
700 1780 782 1828 tibi
802 1795 947 1842 quam
966 1780 1057 1842 ipsi
1075 1778 1248 1826 Miloni
1275 1778 1545 1826 debiturum
1565 1792 1582 1837 3
1615 1791 1716 1824 non
1734 1775 1863 1822 enim

297 1864 411 1912 mihi
447 1871 554 1929 tam.
578 1878 687 1910 mea
722 1862 849 1910 salus
886 1878 997 1910 cara
1032 1861 1133 1919 fuit,
1159 1861 1209 1909 in
1242 1876 1338 1923 qua
1368 1859 1624 1923 praecipue
1661 1873 1768 1905 sum
1803 1857 1864 1904 ab

297 1946 376 1993 illo
402 1946 604 2003 adiutus,
632 1960 777 2007 quam
801 1945 954 2007 pietas
992 1944 1079 1991 erit
1103 1943 1152 1990 in
1177 1941 1428 1990 referenda
1451 1941 1603 2003 gratia
1627 1939 1835 1987 iucunda
1848 1951 1862 1996 ;

296 2043 404 2076 eam
429 2036 589 2076 autem
612 2026 753 2074 unius
777 2027 844 2073 tui
869 2026 1025 2073 studio
1051 2039 1130 2072 me
1154 2023 1354 2086 adsequi
1379 2038 1523 2085 posse
1548 2021 1757 2070 confido.

676 2175 753 2219 31.
824 2171 917 2218 AD
954 2167 1278 2218 ATTICUM
1316 2166 1376 2215 V.
1419 2182 1493 2216 11.

434 2268 540 2318 SCR.
580 2268 798 2316 ATHENrs
833 2282 906 2314 PR.
942 2265 1112 2314 NONAs
1150 2264 1424 2323 QuanEs
1461 2277 1599 2311 A.u.c.
1637 2272 1747 2322 703.

801 2370 971 2405 c1CERo
1008 2368 1184 2403 ATT1co
1220 2367 1320 2401 SAL.

372 2470 411 2502 1.
448 2453 566 2512 Hur,
593 2453 831 2501 totiensne
860 2467 939 2498 me
972 2450 1148 2498 litteras
1182 2449 1373 2496 dedisse
1409 2446 1631 2504 Romam,
1659 2461 1770 2493 cum
1806 2446 1868 2494 ad

297 2544 342 2584 te
378 2535 531 2583 nullas
567 2535 766 2583 darem?
837 2534 902 2581 At
937 2547 1049 2579 vero
1086 2530 1287 2594 posthac
1326 2529 1497 2577 frustra
1532 2529 1693 2591 potius
1727 2527 1866 2587 dabo,

295 2632 454 2680 quam,
491 2617 530 2664 si
571 2623 698 2664 recte
738 2615 840 2663 dari
881 2614 1137 2677 potuerint,
1175 2612 1475 2661 committam
1512 2618 1564 2657 ut
1603 2624 1703 2657 non
1739 2608 1864 2657 dem.

294 2697 370 2746 Ne
402 2698 647 2760 provincia
679 2698 821 2745 nobis
854 2703 1152 2759 prorogetur,
1179 2710 1266 2757 per
1299 2693 1542 2741 fortunas!
1580 2691 1697 2740 dum
1734 2689 1864 2748 ades,

293 2780 520 2843 quicquid
553 2779 788 2843 provideri
817 2783 971 2841 polest,
998 2776 1224 2840 provide:
1262 2791 1364 2824 non
1399 2775 1491 2823 dici
1517 2780 1691 2837 potest,
1718 2771 1864 2835 qua‘m
