<?xml version="1.0" encoding="UTF-8"?>
<!DOCTYPE html PUBLIC "-//W3C//DTD XHTML 1.0 Transitional//EN"
    "http://www.w3.org/TR/xhtml1/DTD/xhtml1-transitional.dtd">
<html xmlns="http://www.w3.org/1999/xhtml" xml:lang="en" lang="en">
 <head>
  <title>
</title>
<meta http-equiv="Content-Type" content="text/html;charset=utf-8" />
  <meta name='ocr-system' content='tesseract 3.04.00' />
  <meta name='ocr-capabilities' content='ocr_page ocr_carea ocr_par ocr_line ocrx_word'/>
</head>
<body>
  <div class='ocr_page' id='page_1' title='image "./epistolaeselecta00ciceuoft_0286.png"; bbox 0 0 2040 3048; ppageno 0'>
   <div class='ocr_carea' id='block_1_1' title="bbox 340 78 1913 153">
    <p class='ocr_par' dir='ltr' id='par_1_1' title="bbox 340 78 1913 153">
     <span class='ocr_line' id='line_1_1' title="bbox 340 78 1913 153; baseline 0.003 -21"><span class='ocrx_word' id='word_1_1' title='bbox 340 91 444 147; x_wconf 87' lang='lat'><strong>270</strong></span> <span class='ocrx_word' id='word_1_2' title='bbox 799 92 862 131; x_wconf 87' lang='lat' dir='ltr'><strong>M.</strong></span> <span class='ocrx_word' id='word_1_3' title='bbox 908 78 1108 130; x_wconf 80' lang='lat' dir='ltr'><em>TULLII</em></span> <span class='ocrx_word' id='word_1_4' title='bbox 1144 92 1314 131; x_wconf 74' lang='lat' dir='ltr'><strong>crcER</strong></span> <span class='ocrx_word' id='word_1_5' title='bbox 1322 94 1458 132; x_wconf 76' lang='lat' dir='ltr'><strong>oms</strong></span> <span class='ocrx_word' id='word_1_6' title='bbox 1723 85 1837 153; x_wconf 69' lang='lat' dir='ltr'><strong>[Pars</strong></span> <span class='ocrx_word' id='word_1_7' title='bbox 1863 97 1913 137; x_wconf 90' lang='lat' dir='ltr'><strong>v.</strong></span> 
     </span>
    </p>
   </div>
   <div class='ocr_carea' id='block_1_2' title="bbox 336 222 1917 1755">
    <p class='ocr_par' dir='ltr' id='par_1_2' title="bbox 336 222 1917 1755">
     <span class='ocr_line' id='line_1_2' title="bbox 338 222 1913 286; baseline 0.003 -16"><span class='ocrx_word' id='word_1_8' title='bbox 338 223 633 271; x_wconf 86' lang='lat' dir='ltr'><strong>transierunt.</strong></span> <span class='ocrx_word' id='word_1_9' title='bbox 706 222 899 280; x_wconf 87' lang='lat' dir='ltr'>Quibus</span> <span class='ocrx_word' id='word_1_10' title='bbox 948 223 1091 270; x_wconf 91' lang='lat' dir='ltr'><strong>rebus</strong></span> <span class='ocrx_word' id='word_1_11' title='bbox 1134 238 1227 285; x_wconf 90' lang='lat' dir='ltr'><strong>ego</strong></span> <span class='ocrx_word' id='word_1_12' title='bbox 1267 224 1475 286; x_wconf 82' lang='lat' dir='ltr'>cognitis</span> <span class='ocrx_word' id='word_1_13' title='bbox 1523 232 1775 274; x_wconf 87' lang='lat' dir='ltr'><strong>cunctatus</strong></span> <span class='ocrx_word' id='word_1_14' title='bbox 1813 241 1913 274; x_wconf 93' lang='lat' dir='ltr'><strong>non</strong></span> 
     </span>
     <span class='ocr_line' id='line_1_3' title="bbox 339 304 1915 368; baseline 0.003 -16"><span class='ocrx_word' id='word_1_15' title='bbox 339 319 474 362; x_wconf 91' lang='lat' dir='ltr'><strong>sum;</strong></span> <span class='ocrx_word' id='word_1_16' title='bbox 503 306 551 350; x_wconf 92' lang='lat' dir='ltr'><strong>in</strong></span> <span class='ocrx_word' id='word_1_17' title='bbox 576 319 718 352; x_wconf 91' lang='lat' dir='ltr'><strong>cursu</strong></span> <span class='ocrx_word' id='word_1_18' title='bbox 738 305 981 351; x_wconf 90' lang='lat' dir='ltr'><strong>bonorum</strong></span> <span class='ocrx_word' id='word_1_19' title='bbox 1003 304 1314 352; x_wconf 90' lang='lat' dir='ltr'><strong>consiliorum</strong></span> <span class='ocrx_word' id='word_1_20' title='bbox 1330 305 1570 368; x_wconf 89' lang='lat' dir='ltr'><strong>Lepidum</strong></span> <span class='ocrx_word' id='word_1_21' title='bbox 1591 307 1915 356; x_wconf 88' lang='lat' dir='ltr'><strong>adiuvandum</strong></span> 
     </span>
     <span class='ocr_line' id='line_1_4' title="bbox 339 385 1914 450; baseline 0.003 -18"><span class='ocrx_word' id='word_1_22' title='bbox 339 386 512 448; x_wconf 86' lang='lat' dir='ltr'><strong>putavi.</strong></span> <span class='ocrx_word' id='word_1_23' title='bbox 587 402 628 447; x_wconf 87' lang='lat'><strong>3.</strong></span> <span class='ocrx_word' id='word_1_24' title='bbox 667 385 918 433; x_wconf 84' lang='lat' dir='ltr'>Adventus</span> <span class='ocrx_word' id='word_1_25' title='bbox 954 401 1092 434; x_wconf 90' lang='lat' dir='ltr'><strong>meus</strong></span> <span class='ocrx_word' id='word_1_26' title='bbox 1128 386 1245 448; x_wconf 90' lang='lat' dir='ltr'><strong>quid</strong></span> <span class='ocrx_word' id='word_1_27' title='bbox 1281 387 1583 450; x_wconf 87' lang='lat' dir='ltr'><strong>profecturus</strong></span> <span class='ocrx_word' id='word_1_28' title='bbox 1619 397 1757 448; x_wconf 88' lang='lat' dir='ltr'><strong>esset,</strong></span> <span class='ocrx_word' id='word_1_29' title='bbox 1789 390 1914 447; x_wconf 79' lang='lat' dir='ltr'><strong>vidi3</strong></span> 
     </span>
     <span class='ocr_line' id='line_1_5' title="bbox 338 462 1915 533; baseline 0.003 -19"><span class='ocrx_word' id='word_1_30' title='bbox 338 468 410 515; x_wconf 91' lang='lat' dir='ltr'><strong>vel</strong></span> <span class='ocrx_word' id='word_1_31' title='bbox 446 467 580 529; x_wconf 91' lang='lat' dir='ltr'><strong>quod</strong></span> <span class='ocrx_word' id='word_1_32' title='bbox 615 467 829 529; x_wconf 88' lang='lat' dir='ltr'><strong>equitatu</strong></span> <span class='ocrx_word' id='word_1_33' title='bbox 868 482 980 515; x_wconf 90' lang='lat' dir='ltr'><strong>meo</strong></span> <span class='ocrx_word' id='word_1_34' title='bbox 1016 468 1242 530; x_wconf 86' lang='lat' dir='ltr'><strong>persequi</strong></span> <span class='ocrx_word' id='word_1_35' title='bbox 1276 462 1531 517; x_wconf 61' lang='lat' dir='ltr'><strong>Anl&#39;onz‘um</strong></span> <span class='ocrx_word' id='word_1_36' title='bbox 1568 478 1711 533; x_wconf 88' lang='lat' dir='ltr'><strong>atque</strong></span> <span class='ocrx_word' id='word_1_37' title='bbox 1753 471 1915 533; x_wconf 86' lang='lat' dir='ltr'><strong>oppri-</strong></span> 
     </span>
     <span class='ocr_line' id='line_1_6' title="bbox 339 549 1915 613; baseline 0.001 -17"><span class='ocrx_word' id='word_1_38' title='bbox 339 565 469 596; x_wconf 91' lang='lat' dir='ltr'><strong>mere</strong></span> <span class='ocrx_word' id='word_1_39' title='bbox 506 549 770 611; x_wconf 85' lang='lat' dir='ltr'><strong>equitatum</strong></span> <span class='ocrx_word' id='word_1_40' title='bbox 807 549 910 596; x_wconf 89' lang='lat' dir='ltr'><strong>eius</strong></span> <span class='ocrx_word' id='word_1_41' title='bbox 947 565 1160 611; x_wconf 90' lang='lat' dir='ltr'><strong>possem,</strong></span> <span class='ocrx_word' id='word_1_42' title='bbox 1194 550 1267 597; x_wconf 92' lang='lat' dir='ltr'><strong>vel</strong></span> <span class='ocrx_word' id='word_1_43' title='bbox 1302 551 1436 613; x_wconf 92' lang='lat' dir='ltr'><strong>quod</strong></span> <span class='ocrx_word' id='word_1_44' title='bbox 1472 552 1708 599; x_wconf 88' lang='lat' dir='ltr'><strong>exercitus</strong></span> <span class='ocrx_word' id='word_1_45' title='bbox 1744 551 1915 613; x_wconf 89' lang='lat' dir='ltr'><strong>Lepidi</strong></span> 
     </span>
     <span class='ocr_line' id='line_1_7' title="bbox 339 633 1914 695; baseline 0.002 -18"><span class='ocrx_word' id='word_1_46' title='bbox 339 646 445 678; x_wconf 87' lang='lat' dir='ltr'><strong>eam</strong></span> <span class='ocrx_word' id='word_1_47' title='bbox 477 639 676 693; x_wconf 89' lang='lat' dir='ltr'><strong>partem,</strong></span> <span class='ocrx_word' id='word_1_48' title='bbox 703 645 828 692; x_wconf 85' lang='lat' dir='ltr'><strong>quae</strong></span> <span class='ocrx_word' id='word_1_49' title='bbox 865 639 1090 692; x_wconf 88' lang='lat' dir='ltr'><strong>corrupta</strong></span> <span class='ocrx_word' id='word_1_50' title='bbox 1126 640 1198 679; x_wconf 89' lang='lat' dir='ltr'><strong>est</strong></span> <span class='ocrx_word' id='word_1_51' title='bbox 1234 639 1281 679; x_wconf 90' lang='lat' dir='ltr'><strong>et</strong></span> <span class='ocrx_word' id='word_1_52' title='bbox 1311 633 1372 680; x_wconf 90' lang='lat' dir='ltr'><strong>ab</strong></span> <span class='ocrx_word' id='word_1_53' title='bbox 1395 647 1446 679; x_wconf 89' lang='lat' dir='ltr'><strong>re</strong></span> <span class='ocrx_word' id='word_1_54' title='bbox 1471 633 1664 695; x_wconf 90' lang='lat' dir='ltr'><strong>publica</strong></span> <span class='ocrx_word' id='word_1_55' title='bbox 1698 633 1914 692; x_wconf 87' lang='lat' dir='ltr'><strong>alienata,</strong></span> 
     </span>
     <span class='ocr_line' id='line_1_8' title="bbox 339 714 1914 778; baseline 0.002 -18"><span class='ocrx_word' id='word_1_56' title='bbox 339 722 384 760; x_wconf 90' lang='lat' dir='ltr'><strong>et</strong></span> <span class='ocrx_word' id='word_1_57' title='bbox 416 714 656 775; x_wconf 83' lang='lat' dir='ltr'><strong>corrigere</strong></span> <span class='ocrx_word' id='word_1_58' title='bbox 694 720 741 759; x_wconf 91' lang='lat' dir='ltr'><strong>et</strong></span> <span class='ocrx_word' id='word_1_59' title='bbox 778 718 1002 760; x_wconf 86' lang='lat' dir='ltr'><strong>co&#39;e&#39;rcere</strong></span> <span class='ocrx_word' id='word_1_60' title='bbox 1035 715 1306 775; x_wconf 89' lang='lat' dir='ltr'><strong>praesentia</strong></span> <span class='ocrx_word' id='word_1_61' title='bbox 1342 716 1436 763; x_wconf 92' lang='lat' dir='ltr'><strong>mei</strong></span> <span class='ocrx_word' id='word_1_62' title='bbox 1470 717 1707 764; x_wconf 91' lang='lat' dir='ltr'><strong>exercitus</strong></span> <span class='ocrx_word' id='word_1_63' title='bbox 1734 723 1914 778; x_wconf 91' lang='lat' dir='ltr'><strong>posset.</strong></span> 
     </span>
     <span class='ocr_line' id='line_1_9' title="bbox 340 794 1916 859; baseline 0.002 -17"><span class='ocrx_word' id='word_1_64' title='bbox 340 796 509 857; x_wconf 86' lang='lat' dir='ltr'><strong>Itaque</strong></span> <span class='ocrx_word' id='word_1_65' title='bbox 534 796 584 842; x_wconf 92' lang='lat' dir='ltr'><strong>in</strong></span> <span class='ocrx_word' id='word_1_66' title='bbox 608 795 755 853; x_wconf 84' lang='lat' dir='ltr'><strong>Isara,</strong></span> <span class='ocrx_word' id='word_1_67' title='bbox 783 794 980 841; x_wconf 90' lang='lat' dir='ltr'><strong>flumine</strong></span> <span class='ocrx_word' id='word_1_68' title='bbox 1004 796 1236 855; x_wconf 89' lang='lat' dir='ltr'><strong>maximo,</strong></span> <span class='ocrx_word' id='word_1_69' title='bbox 1264 797 1396 859; x_wconf 92' lang='lat' dir='ltr'><strong>quod</strong></span> <span class='ocrx_word' id='word_1_70' title='bbox 1422 798 1469 844; x_wconf 91' lang='lat' dir='ltr'><strong>in</strong></span> <span class='ocrx_word' id='word_1_71' title='bbox 1495 798 1668 846; x_wconf 89' lang='lat' dir='ltr'><strong>finibus</strong></span> <span class='ocrx_word' id='word_1_72' title='bbox 1693 807 1766 845; x_wconf 90' lang='lat' dir='ltr'><strong>est</strong></span> <span class='ocrx_word' id='word_1_73' title='bbox 1785 798 1916 845; x_wconf 90' lang='lat' dir='ltr'><strong>Allo·</strong></span> 
     </span>
     <span class='ocr_line' id='line_1_10' title="bbox 338 877 1916 940; baseline 0.001 -15"><span class='ocrx_word' id='word_1_74' title='bbox 338 879 560 939; x_wconf 88' lang='lat' dir='ltr'><strong>brogum,</strong></span> <span class='ocrx_word' id='word_1_75' title='bbox 603 886 754 940; x_wconf 91' lang='lat' dir='ltr'><strong>ponte</strong></span> <span class='ocrx_word' id='word_1_76' title='bbox 803 893 903 924; x_wconf 93' lang='lat' dir='ltr'><strong>uno</strong></span> <span class='ocrx_word' id='word_1_77' title='bbox 949 878 1025 925; x_wconf 89' lang='lat' dir='ltr'><strong>die</strong></span> <span class='ocrx_word' id='word_1_78' title='bbox 1068 877 1197 927; x_wconf 89' lang='lat' dir='ltr'><strong>facto</strong></span> <span class='ocrx_word' id='word_1_79' title='bbox 1244 880 1507 926; x_wconf 87' lang='lat' dir='ltr'><strong>exercitum</strong></span> <span class='ocrx_word' id='word_1_80' title='bbox 1549 895 1590 928; x_wconf 90' lang='lat' dir='ltr'><strong>a.</strong></span> <span class='ocrx_word' id='word_1_81' title='bbox 1618 880 1662 928; x_wconf 94' lang='lat' dir='ltr'><strong>d.</strong></span> <span class='ocrx_word' id='word_1_82' title='bbox 1687 896 1773 928; x_wconf 78' lang='lat' dir='ltr'><strong>mr.</strong></span> <span class='ocrx_word' id='word_1_83' title='bbox 1800 880 1916 927; x_wconf 92' lang='lat' dir='ltr'><strong>Idus</strong></span> 
     </span>
     <span class='ocr_line' id='line_1_11' title="bbox 338 957 1917 1009; baseline 0.003 -4"><span class='ocrx_word' id='word_1_84' title='bbox 338 957 497 1006; x_wconf 84' lang='lat' dir='ltr'><strong>Maias</strong></span> <span class='ocrx_word' id='word_1_85' title='bbox 533 959 737 1006; x_wconf 85' lang='lat' dir='ltr'><strong>traduxi.</strong></span> <span class='ocrx_word' id='word_1_86' title='bbox 810 957 937 1005; x_wconf 91' lang='lat' dir='ltr'><strong>Cum</strong></span> <span class='ocrx_word' id='word_1_87' title='bbox 962 974 1075 1006; x_wconf 91' lang='lat' dir='ltr'><strong>vero</strong></span> <span class='ocrx_word' id='word_1_88' title='bbox 1110 960 1227 1007; x_wconf 91' lang='lat' dir='ltr'><strong>mihi</strong></span> <span class='ocrx_word' id='word_1_89' title='bbox 1263 962 1535 1008; x_wconf 90' lang='lat' dir='ltr'><strong>nuntiatum</strong></span> <span class='ocrx_word' id='word_1_90' title='bbox 1571 970 1697 1009; x_wconf 90' lang='lat' dir='ltr'><strong>esset</strong></span> <span class='ocrx_word' id='word_1_91' title='bbox 1727 961 1783 1009; x_wconf 87' lang='lat' dir='ltr'><strong>L.</strong></span> <span class='ocrx_word' id='word_1_92' title='bbox 1815 961 1917 1008; x_wconf 91' lang='lat' dir='ltr'><strong>An-</strong></span> 
     </span>
     <span class='ocr_line' id='line_1_12' title="bbox 337 1041 1915 1104; baseline 0.002 -17"><span class='ocrx_word' id='word_1_93' title='bbox 337 1041 524 1087; x_wconf 89' lang='lat' dir='ltr'><strong>tonium</strong></span> <span class='ocrx_word' id='word_1_94' title='bbox 574 1041 895 1103; x_wconf 90' lang='lat' dir='ltr'><strong>praemissum</strong></span> <span class='ocrx_word' id='word_1_95' title='bbox 958 1056 1068 1088; x_wconf 91' lang='lat' dir='ltr'><strong>cum</strong></span> <span class='ocrx_word' id='word_1_96' title='bbox 1130 1042 1368 1104; x_wconf 90' lang='lat' dir='ltr'><strong>equitibus</strong></span> <span class='ocrx_word' id='word_1_97' title='bbox 1426 1051 1474 1091; x_wconf 92' lang='lat' dir='ltr'><strong>et</strong></span> <span class='ocrx_word' id='word_1_98' title='bbox 1520 1043 1798 1091; x_wconf 88' lang='lat' dir='ltr'><strong>cohortibus</strong></span> <span class='ocrx_word' id='word_1_99' title='bbox 1856 1043 1915 1090; x_wconf 89' lang='lat' dir='ltr'><strong>ad</strong></span> 
     </span>
     <span class='ocr_line' id='line_1_13' title="bbox 336 1121 1916 1188; baseline 0.003 -20"><span class='ocrx_word' id='word_1_100' title='bbox 336 1121 518 1169; x_wconf 89' lang='lat' dir='ltr'><strong>Forum</strong></span> <span class='ocrx_word' id='word_1_101' title='bbox 545 1123 651 1170; x_wconf 91' lang='lat' dir='ltr'><strong>Iulii</strong></span> <span class='ocrx_word' id='word_1_102' title='bbox 680 1124 882 1182; x_wconf 89' lang='lat' dir='ltr'><strong>venisse,</strong></span> <span class='ocrx_word' id='word_1_103' title='bbox 909 1124 1103 1171; x_wconf 90' lang='lat' dir='ltr'><strong>fratrem</strong></span> <span class='ocrx_word' id='word_1_104' title='bbox 1140 1140 1252 1172; x_wconf 90' lang='lat' dir='ltr'><strong>cum</strong></span> <span class='ocrx_word' id='word_1_105' title='bbox 1289 1125 1503 1188; x_wconf 90' lang='lat' dir='ltr'><strong>equitum</strong></span> <span class='ocrx_word' id='word_1_106' title='bbox 1536 1134 1760 1188; x_wconf 89' lang='lat' dir='ltr'><strong>quattuor</strong></span> <span class='ocrx_word' id='word_1_107' title='bbox 1794 1125 1916 1173; x_wconf 90' lang='lat' dir='ltr'><strong>mili-</strong></span> 
     </span>
     <span class='ocr_line' id='line_1_14' title="bbox 336 1204 1915 1270; baseline 0.003 -20"><span class='ocrx_word' id='word_1_108' title='bbox 336 1204 440 1262; x_wconf 93' lang='lat' dir='ltr'><strong>bus,</strong></span> <span class='ocrx_word' id='word_1_109' title='bbox 492 1212 546 1252; x_wconf 90' lang='lat' dir='ltr'><strong>ut</strong></span> <span class='ocrx_word' id='word_1_110' title='bbox 594 1213 867 1253; x_wconf 89' lang='lat' dir='ltr'><strong>occurreret</strong></span> <span class='ocrx_word' id='word_1_111' title='bbox 914 1206 971 1264; x_wconf 90' lang='lat' dir='ltr'><strong>ei,</strong></span> <span class='ocrx_word' id='word_1_112' title='bbox 1011 1207 1121 1253; x_wconf 90' lang='lat' dir='ltr'><strong>misi</strong></span> <span class='ocrx_word' id='word_1_113' title='bbox 1170 1222 1211 1254; x_wconf 88' lang='lat' dir='ltr'><strong>a.</strong></span> <span class='ocrx_word' id='word_1_114' title='bbox 1249 1207 1294 1255; x_wconf 94' lang='lat' dir='ltr'><strong>d.</strong></span> <span class='ocrx_word' id='word_1_115' title='bbox 1332 1223 1372 1254; x_wconf 91' lang='lat' dir='ltr'><strong>v.</strong></span> <span class='ocrx_word' id='word_1_116' title='bbox 1412 1206 1528 1255; x_wconf 92' lang='lat' dir='ltr'><strong>Idus</strong></span> <span class='ocrx_word' id='word_1_117' title='bbox 1576 1207 1765 1267; x_wconf 87' lang='lat' dir='ltr'><strong>Maias;</strong></span> <span class='ocrx_word' id='word_1_118' title='bbox 1812 1208 1915 1270; x_wconf 88' lang='lat' dir='ltr'><strong>ipse</strong></span> 
     </span>
     <span class='ocr_line' id='line_1_15' title="bbox 337 1286 1914 1351; baseline 0.003 -19"><span class='ocrx_word' id='word_1_119' title='bbox 337 1286 561 1335; x_wconf 86' lang='lat' dir='ltr'><strong>maximis</strong></span> <span class='ocrx_word' id='word_1_120' title='bbox 597 1287 847 1335; x_wconf 89' lang='lat' dir='ltr'><strong>itineribus</strong></span> <span class='ocrx_word' id='word_1_121' title='bbox 883 1303 994 1335; x_wconf 90' lang='lat' dir='ltr'><strong>cum</strong></span> <span class='ocrx_word' id='word_1_122' title='bbox 1032 1296 1258 1351; x_wconf 91' lang='lat' dir='ltr'><strong>quattuor</strong></span> <span class='ocrx_word' id='word_1_123' title='bbox 1292 1289 1562 1351; x_wconf 87' lang='lat' dir='ltr'><strong>legionibus</strong></span> <span class='ocrx_word' id='word_1_124' title='bbox 1599 1290 1834 1351; x_wconf 84' lang='lat' dir='ltr'><strong>expeditis</strong></span> <span class='ocrx_word' id='word_1_125' title='bbox 1869 1297 1914 1336; x_wconf 91' lang='lat' dir='ltr'><strong>et</strong></span> 
     </span>
     <span class='ocr_line' id='line_1_16' title="bbox 337 1366 1913 1431; baseline 0.004 -19"><span class='ocrx_word' id='word_1_126' title='bbox 337 1366 520 1428; x_wconf 89' lang='lat' dir='ltr'><strong>reliquo</strong></span> <span class='ocrx_word' id='word_1_127' title='bbox 556 1369 770 1430; x_wconf 87' lang='lat' dir='ltr'><strong>equitatu</strong></span> <span class='ocrx_word' id='word_1_128' title='bbox 808 1370 1087 1431; x_wconf 90' lang='lat' dir='ltr'><strong>subsequar.</strong></span> <span class='ocrx_word' id='word_1_129' title='bbox 1164 1387 1207 1429; x_wconf 89' lang='lat'><strong>4.</strong></span> <span class='ocrx_word' id='word_1_130' title='bbox 1251 1370 1301 1418; x_wconf 90' lang='lat' dir='ltr'><strong>Si</strong></span> <span class='ocrx_word' id='word_1_131' title='bbox 1338 1385 1430 1418; x_wconf 94' lang='lat' dir='ltr'><strong>nos</strong></span> <span class='ocrx_word' id='word_1_132' title='bbox 1468 1371 1724 1418; x_wconf 91' lang='lat' dir='ltr'><strong>mediocris</strong></span> <span class='ocrx_word' id='word_1_133' title='bbox 1762 1372 1913 1419; x_wconf 91' lang='lat' dir='ltr'><strong>modo</strong></span> 
     </span>
     <span class='ocr_line' id='line_1_17' title="bbox 339 1447 1912 1514; baseline 0.004 -20"><span class='ocrx_word' id='word_1_134' title='bbox 339 1447 531 1496; x_wconf 86' lang='lat' dir='ltr'><strong>fortuna</strong></span> <span class='ocrx_word' id='word_1_135' title='bbox 565 1451 633 1497; x_wconf 91' lang='lat' dir='ltr'><strong>rei</strong></span> <span class='ocrx_word' id='word_1_136' title='bbox 669 1451 890 1513; x_wconf 92' lang='lat' dir='ltr'><strong>publicae</strong></span> <span class='ocrx_word' id='word_1_137' title='bbox 926 1452 1167 1511; x_wconf 88' lang='lat' dir='ltr'><strong>adiuverit,</strong></span> <span class='ocrx_word' id='word_1_138' title='bbox 1194 1460 1241 1499; x_wconf 89' lang='lat' dir='ltr'><strong>et</strong></span> <span class='ocrx_word' id='word_1_139' title='bbox 1277 1452 1504 1499; x_wconf 88' lang='lat' dir='ltr'><strong>audaciae</strong></span> <span class='ocrx_word' id='word_1_140' title='bbox 1537 1453 1831 1514; x_wconf 91' lang='lat' dir='ltr'><strong>perditorum</strong></span> <span class='ocrx_word' id='word_1_141' title='bbox 1867 1461 1912 1500; x_wconf 92' lang='lat' dir='ltr'><strong>et</strong></span> 
     </span>
     <span class='ocr_line' id='line_1_18' title="bbox 339 1531 1911 1596; baseline 0.004 -21"><span class='ocrx_word' id='word_1_142' title='bbox 339 1537 529 1576; x_wconf 88' lang='lat' dir='ltr'><strong>nostrae</strong></span> <span class='ocrx_word' id='word_1_143' title='bbox 556 1531 886 1580; x_wconf 90' lang='lat' dir='ltr'><strong>sollicitudinis</strong></span> <span class='ocrx_word' id='word_1_144' title='bbox 912 1532 989 1580; x_wconf 92' lang='lat' dir='ltr'><strong>hic</strong></span> <span class='ocrx_word' id='word_1_145' title='bbox 1016 1534 1162 1581; x_wconf 90' lang='lat' dir='ltr'><strong>finem</strong></span> <span class='ocrx_word' id='word_1_146' title='bbox 1192 1534 1500 1596; x_wconf 90' lang='lat' dir='ltr'><strong>reperiemus.</strong></span> <span class='ocrx_word' id='word_1_147' title='bbox 1572 1533 1704 1592; x_wconf 87' lang='lat' dir='ltr'><strong>Quid</strong></span> <span class='ocrx_word' id='word_1_148' title='bbox 1729 1535 1767 1582; x_wconf 93' lang='lat' dir='ltr'><strong>si</strong></span> <span class='ocrx_word' id='word_1_149' title='bbox 1791 1534 1911 1582; x_wconf 88' lang='lat' dir='ltr'><strong>latro</strong></span> 
     </span>
     <span class='ocr_line' id='line_1_19' title="bbox 337 1613 1910 1679; baseline 0.003 -22"><span class='ocrx_word' id='word_1_150' title='bbox 337 1613 655 1674; x_wconf 87' lang='lat' dir='ltr'><strong>praecognito</strong></span> <span class='ocrx_word' id='word_1_151' title='bbox 691 1620 857 1661; x_wconf 87' lang='lat' dir='ltr'><strong>nostro</strong></span> <span class='ocrx_word' id='word_1_152' title='bbox 895 1615 1104 1662; x_wconf 91' lang='lat' dir='ltr'><strong>adventu</strong></span> <span class='ocrx_word' id='word_1_153' title='bbox 1127 1630 1288 1663; x_wconf 90' lang='lat' dir='ltr'><strong>rursus</strong></span> <span class='ocrx_word' id='word_1_154' title='bbox 1320 1615 1370 1662; x_wconf 93' lang='lat' dir='ltr'><strong>in</strong></span> <span class='ocrx_word' id='word_1_155' title='bbox 1395 1615 1583 1663; x_wconf 89' lang='lat' dir='ltr'><strong>Italiam</strong></span> <span class='ocrx_word' id='word_1_156' title='bbox 1620 1630 1670 1663; x_wconf 91' lang='lat' dir='ltr'><strong>se</strong></span> <span class='ocrx_word' id='word_1_157' title='bbox 1699 1617 1910 1679; x_wconf 91' lang='lat' dir='ltr'><strong>recipere</strong></span> 
     </span>
     <span class='ocr_line' id='line_1_20' title="bbox 336 1682 1910 1755; baseline 0.004 -16"><span class='ocrx_word' id='word_1_158' title='bbox 336 1695 563 1755; x_wconf 88' lang='lat' dir='ltr'><strong>coeperit,</strong></span> <span class='ocrx_word' id='word_1_159' title='bbox 592 1693 725 1743; x_wconf 89' lang='lat' dir='ltr'><strong>Bruti</strong></span> <span class='ocrx_word' id='word_1_160' title='bbox 750 1695 836 1743; x_wconf 90' lang='lat' dir='ltr'><strong>erit</strong></span> <span class='ocrx_word' id='word_1_161' title='bbox 860 1682 1072 1744; x_wconf 88' lang='lat' dir='ltr'><strong>officium</strong></span> <span class='ocrx_word' id='word_1_162' title='bbox 1097 1709 1346 1745; x_wconf 88' lang='lat' dir='ltr'><strong>occurrere</strong></span> <span class='ocrx_word' id='word_1_163' title='bbox 1371 1697 1428 1755; x_wconf 92' lang='lat' dir='ltr'><strong>ei,</strong></span> <span class='ocrx_word' id='word_1_164' title='bbox 1454 1699 1530 1744; x_wconf 90' lang='lat' dir='ltr'><strong>cui</strong></span> <span class='ocrx_word' id='word_1_165' title='bbox 1554 1698 1653 1745; x_wconf 91' lang='lat' dir='ltr'><strong>scio</strong></span> <span class='ocrx_word' id='word_1_166' title='bbox 1679 1713 1770 1745; x_wconf 91' lang='lat' dir='ltr'><strong>nec</strong></span> <span class='ocrx_word' id='word_1_167' title='bbox 1795 1713 1910 1746; x_wconf 92' lang='lat' dir='ltr'><strong>con-</strong></span> 
     </span>
    </p>
   </div>
   <div class='ocr_carea' id='block_1_3' title="bbox 336 1773 1921 1841">
    <p class='ocr_par' dir='ltr' id='par_1_3' title="bbox 336 1773 1921 1841">
     <span class='ocr_line' id='line_1_21' title="bbox 336 1773 1921 1841; baseline 0.005 -22"><span class='ocrx_word' id='word_1_168' title='bbox 336 1773 492 1822; x_wconf 90' lang='lat' dir='ltr'><strong>silium</strong></span> <span class='ocrx_word' id='word_1_169' title='bbox 518 1791 609 1824; x_wconf 90' lang='lat' dir='ltr'><strong>nec</strong></span> <span class='ocrx_word' id='word_1_170' title='bbox 639 1776 856 1824; x_wconf 89' lang='lat' dir='ltr'><strong>animum</strong></span> <span class='ocrx_word' id='word_1_171' title='bbox 883 1777 1168 1826; x_wconf 90' lang='lat' dir='ltr'><strong>defuturum.</strong></span> <span class='ocrx_word' id='word_1_172' title='bbox 1241 1778 1351 1841; x_wconf 92' lang='lat' dir='ltr'><strong>Ego</strong></span> <span class='ocrx_word' id='word_1_173' title='bbox 1385 1786 1561 1837; x_wconf 86' lang='lat' dir='ltr'><strong>tamen,</strong></span> <span class='ocrx_word' id='word_1_174' title='bbox 1588 1779 1628 1826; x_wconf 91' lang='lat' dir='ltr'><strong>si</strong></span> <span class='ocrx_word' id='word_1_175' title='bbox 1651 1779 1700 1826; x_wconf 92' lang='lat' dir='ltr'><strong>id</strong></span> <span class='ocrx_word' id='word_1_176' title='bbox 1724 1780 1921 1827; x_wconf 66' lang='lat' dir='ltr'><strong>accide-</strong></span> 
     </span>
    </p>
   </div>
   <div class='ocr_carea' id='block_1_4' title="bbox 333 1856 1910 2005">
    <p class='ocr_par' dir='ltr' id='par_1_4' title="bbox 333 1856 1910 2005">
     <span class='ocr_line' id='line_1_22' title="bbox 334 1856 1910 1924; baseline 0.004 -22"><span class='ocrx_word' id='word_1_177' title='bbox 334 1856 406 1910; x_wconf 90' lang='lat' dir='ltr'><strong>rit,</strong></span> <span class='ocrx_word' id='word_1_178' title='bbox 434 1856 629 1905; x_wconf 90' lang='lat' dir='ltr'><strong>fratrem</strong></span> <span class='ocrx_word' id='word_1_179' title='bbox 666 1874 777 1906; x_wconf 91' lang='lat' dir='ltr'><strong>cum</strong></span> <span class='ocrx_word' id='word_1_180' title='bbox 810 1860 1024 1921; x_wconf 89' lang='lat' dir='ltr'><strong>equitatu</strong></span> <span class='ocrx_word' id='word_1_181' title='bbox 1059 1861 1260 1920; x_wconf 87' lang='lat' dir='ltr'><strong>mittam,</strong></span> <span class='ocrx_word' id='word_1_182' title='bbox 1288 1861 1369 1924; x_wconf 93' lang='lat' dir='ltr'><strong>qui</strong></span> <span class='ocrx_word' id='word_1_183' title='bbox 1394 1869 1633 1923; x_wconf 89' lang='lat' dir='ltr'><strong>sequatur,</strong></span> <span class='ocrx_word' id='word_1_184' title='bbox 1660 1861 1846 1909; x_wconf 88' lang='lat' dir='ltr'><strong>Italiam</strong></span> <span class='ocrx_word' id='word_1_185' title='bbox 1882 1879 1910 1910; x_wconf 87' lang='lat' dir='ltr'><strong>a</strong></span> 
     </span>
     <span class='ocr_line' id='line_1_23' title="bbox 333 1939 1817 2005; baseline 0.003 -21"><span class='ocrx_word' id='word_1_186' title='bbox 333 1939 600 1987; x_wconf 90' lang='lat' dir='ltr'><strong>vastatione</strong></span> <span class='ocrx_word' id='word_1_187' title='bbox 626 1940 866 1989; x_wconf 89' lang='lat' dir='ltr'><strong>defendat.</strong></span> <span class='ocrx_word' id='word_1_188' title='bbox 937 1941 1034 1989; x_wconf 90' lang='lat' dir='ltr'><strong>Fac</strong></span> <span class='ocrx_word' id='word_1_189' title='bbox 1059 1942 1216 1990; x_wconf 89' lang='lat' dir='ltr'><strong>valeas</strong></span> <span class='ocrx_word' id='word_1_190' title='bbox 1239 1957 1415 2004; x_wconf 90' lang='lat' dir='ltr'><strong>meque</strong></span> <span class='ocrx_word' id='word_1_191' title='bbox 1440 1952 1608 1991; x_wconf 90' lang='lat' dir='ltr'><strong>mutuo</strong></span> <span class='ocrx_word' id='word_1_192' title='bbox 1635 1943 1817 2005; x_wconf 85' lang='lat' dir='ltr'><strong>diligas.</strong></span> 
     </span>
    </p>
   </div>
   <div class='ocr_carea' id='block_1_5' title="bbox 569 2041 1681 2139">
    <p class='ocr_par' dir='ltr' id='par_1_5' title="bbox 569 2041 1681 2139">
     <span class='ocr_line' id='line_1_24' title="bbox 569 2041 1681 2139; baseline 0.005 -22"><span class='ocrx_word' id='word_1_193' title='bbox 569 2075 675 2118; x_wconf 89' lang='lat'><strong>141.</strong></span> <span class='ocrx_word' id='word_1_194' title='bbox 744 2041 842 2118; x_wconf 34' lang='lat' dir='ltr'><strong>&#39;AD</strong></span> <span class='ocrx_word' id='word_1_195' title='bbox 879 2072 1298 2121; x_wconf 75' lang='lat' dir='ltr'><strong>FAMILIARES</strong></span> <span class='ocrx_word' id='word_1_196' title='bbox 1335 2074 1395 2122; x_wconf 85' lang='lat' dir='ltr'><strong>X.</strong></span> <span class='ocrx_word' id='word_1_197' title='bbox 1436 2090 1497 2135; x_wconf 84' lang='lat'><strong>34</strong></span> <span class='ocrx_word' id='word_1_198' title='bbox 1538 2078 1589 2134; x_wconf 90' lang='lat'><strong>(1.</strong></span> <span class='ocrx_word' id='word_1_199' title='bbox 1618 2077 1681 2139; x_wconf 87' lang='lat'><strong>2).</strong></span> 
     </span>
    </p>
   </div>
   <div class='ocr_carea' id='block_1_6' title="bbox 439 2163 1802 2309">
    <p class='ocr_par' dir='ltr' id='par_1_6' title="bbox 439 2163 1802 2309">
     <span class='ocr_line' id='line_1_25' title="bbox 439 2163 1802 2218; baseline 0.004 -5"><span class='ocrx_word' id='word_1_200' title='bbox 439 2163 549 2214; x_wconf 71' lang='lat' dir='ltr'><strong>Scss.</strong></span> <span class='ocrx_word' id='word_1_201' title='bbox 587 2181 637 2214; x_wconf 81' lang='grc' dir='ltr'><strong>ΙΝ</strong></span> <span class='ocrx_word' id='word_1_202' title='bbox 672 2182 863 2215; x_wconf 83' lang='lat' dir='ltr'><strong>CASTRrs</strong></span> <span class='ocrx_word' id='word_1_203' title='bbox 899 2183 963 2215; x_wconf 87' lang='lat' dir='ltr'><strong>AD</strong></span> <span class='ocrx_word' id='word_1_204' title='bbox 988 2167 1194 2216; x_wconf 83' lang='lat' dir='ltr'><strong>PONTEM</strong></span> <span class='ocrx_word' id='word_1_205' title='bbox 1229 2169 1540 2217; x_wconf 82' lang='lat' dir='ltr'><strong>ARGENTEUM</strong></span> <span class='ocrx_word' id='word_1_206' title='bbox 1576 2185 1637 2218; x_wconf 81' lang='lat' dir='ltr'><strong>xl.</strong></span> <span class='ocrx_word' id='word_1_207' title='bbox 1675 2169 1802 2218; x_wconf 66' lang='grc' dir='ltr'><strong>ΚΑΙ..</strong></span> 
     </span>
     <span class='ocr_line' id='line_1_26' title="bbox 901 2249 1331 2309; baseline 0.007 -14"><span class='ocrx_word' id='word_1_208' title='bbox 901 2249 1007 2296; x_wconf 83' lang='grc' dir='ltr'>ΙυΝ.</span> <span class='ocrx_word' id='word_1_209' title='bbox 1044 2264 1181 2298; x_wconf 82' lang='lat' dir='ltr'><strong>A.u.c.</strong></span> <span class='ocrx_word' id='word_1_210' title='bbox 1220 2260 1331 2309; x_wconf 86' lang='lat'><strong>711.</strong></span> 
     </span>
    </p>
   </div>
   <div class='ocr_carea' id='block_1_7' title="bbox 556 2351 1679 2469">
    <p class='ocr_par' dir='ltr' id='par_1_7' title="bbox 556 2351 1679 2469">
     <span class='ocr_line' id='line_1_27' title="bbox 556 2351 1679 2388; baseline 0.004 -5"><span class='ocrx_word' id='word_1_211' title='bbox 556 2352 608 2384; x_wconf 88' lang='grc' dir='ltr'><strong>Μ.</strong></span> <span class='ocrx_word' id='word_1_212' title='bbox 648 2351 845 2384; x_wconf 89' lang='lat' dir='ltr'><strong>LEPIDUS</strong></span> <span class='ocrx_word' id='word_1_213' title='bbox 882 2352 980 2384; x_wconf 89' lang='lat' dir='ltr'><strong>IMP.</strong></span> <span class='ocrx_word' id='word_1_214' title='bbox 1016 2352 1145 2385; x_wconf 84' lang='lat' dir='ltr'><strong>ITER.</strong></span> <span class='ocrx_word' id='word_1_215' title='bbox 1182 2353 1319 2386; x_wconf 86' lang='lat' dir='ltr'><strong>PONT.</strong></span> <span class='ocrx_word' id='word_1_216' title='bbox 1356 2354 1471 2387; x_wconf 85' lang='lat' dir='ltr'><strong>MAX.</strong></span> <span class='ocrx_word' id='word_1_217' title='bbox 1497 2354 1532 2387; x_wconf 92' lang='lat' dir='ltr'><strong>S.</strong></span> <span class='ocrx_word' id='word_1_218' title='bbox 1558 2355 1602 2387; x_wconf 91' lang='lat' dir='ltr'><strong>D.</strong></span> <span class='ocrx_word' id='word_1_219' title='bbox 1628 2354 1679 2388; x_wconf 87' lang='lat' dir='ltr'><strong>M.</strong></span> 
     </span>
     <span class='ocr_line' id='line_1_28' title="bbox 896 2433 1345 2469; baseline 0.007 -3"><span class='ocrx_word' id='word_1_220' title='bbox 896 2433 1074 2467; x_wconf 88' lang='lat' dir='ltr'><strong>TULLIO</strong></span> <span class='ocrx_word' id='word_1_221' title='bbox 1109 2434 1345 2469; x_wconf 86' lang='lat' dir='ltr'><strong>CICERONI.</strong></span> 
     </span>
    </p>
   </div>
   <div class='ocr_carea' id='block_1_8' title="bbox 330 2511 1905 2823">
    <p class='ocr_par' dir='ltr' id='par_1_8' title="bbox 330 2511 1905 2823">
     <span class='ocr_line' id='line_1_29' title="bbox 405 2511 1905 2565; baseline 0.005 -8"><span class='ocrx_word' id='word_1_222' title='bbox 405 2526 441 2558; x_wconf 91' lang='lat'><strong>1.</strong></span> <span class='ocrx_word' id='word_1_223' title='bbox 483 2511 529 2559; x_wconf 89' lang='lat' dir='ltr'><strong>S.</strong></span> <span class='ocrx_word' id='word_1_224' title='bbox 559 2527 602 2560; x_wconf 94' lang='lat' dir='ltr'><strong>v.</strong></span> <span class='ocrx_word' id='word_1_225' title='bbox 628 2528 656 2560; x_wconf 88' lang='grc' dir='ltr'>Β</span> <span class='ocrx_word' id='word_1_226' title='bbox 696 2528 738 2560; x_wconf 81' lang='grc' dir='ltr'><strong>Ε.</strong></span> <span class='ocrx_word' id='word_1_227' title='bbox 767 2527 810 2561; x_wconf 82' lang='grc' dir='ltr'><strong>Ε.</strong></span> <span class='ocrx_word' id='word_1_228' title='bbox 835 2529 879 2563; x_wconf 83' lang='lat' dir='ltr'><strong>v.</strong></span> <span class='ocrx_word' id='word_1_229' title='bbox 952 2513 1077 2560; x_wconf 91' lang='lat' dir='ltr'><strong>Cum</strong></span> <span class='ocrx_word' id='word_1_230' title='bbox 1102 2513 1344 2562; x_wconf 90' lang='lat' dir='ltr'><strong>audissem</strong></span> <span class='ocrx_word' id='word_1_231' title='bbox 1370 2515 1639 2564; x_wconf 90' lang='lat' dir='ltr'><strong>Antonium</strong></span> <span class='ocrx_word' id='word_1_232' title='bbox 1668 2530 1780 2564; x_wconf 90' lang='lat' dir='ltr'><strong>cum</strong></span> <span class='ocrx_word' id='word_1_233' title='bbox 1808 2517 1905 2565; x_wconf 91' lang='lat' dir='ltr'><strong>suis</strong></span> 
     </span>
     <span class='ocr_line' id='line_1_30' title="bbox 330 2593 1905 2660; baseline 0.004 -21"><span class='ocrx_word' id='word_1_234' title='bbox 330 2593 496 2655; x_wconf 88' lang='lat' dir='ltr'><strong>copiis,</strong></span> <span class='ocrx_word' id='word_1_235' title='bbox 523 2594 791 2656; x_wconf 90' lang='lat' dir='ltr'><strong>praemisso</strong></span> <span class='ocrx_word' id='word_1_236' title='bbox 816 2593 870 2641; x_wconf 93' lang='lat' dir='ltr'><strong>L.</strong></span> <span class='ocrx_word' id='word_1_237' title='bbox 897 2593 1114 2642; x_wconf 92' lang='lat' dir='ltr'><strong>Antonio</strong></span> <span class='ocrx_word' id='word_1_238' title='bbox 1145 2610 1256 2642; x_wconf 88' lang='lat' dir='ltr'><strong>curn</strong></span> <span class='ocrx_word' id='word_1_239' title='bbox 1281 2603 1415 2657; x_wconf 90' lang='lat' dir='ltr'><strong>parte</strong></span> <span class='ocrx_word' id='word_1_240' title='bbox 1441 2597 1691 2659; x_wconf 86' lang='lat' dir='ltr'><strong>equitatus,</strong></span> <span class='ocrx_word' id='word_1_241' title='bbox 1717 2598 1768 2644; x_wconf 91' lang='lat' dir='ltr'><strong>in</strong></span> <span class='ocrx_word' id='word_1_242' title='bbox 1791 2613 1905 2660; x_wconf 88' lang='lat' dir='ltr'><strong>pro-</strong></span> 
     </span>
     <span class='ocr_line' id='line_1_31' title="bbox 332 2664 1904 2732; baseline 0.005 -14"><span class='ocrx_word' id='word_1_243' title='bbox 332 2674 536 2721; x_wconf 88' lang='lat' dir='ltr'><strong>vinciam</strong></span> <span class='ocrx_word' id='word_1_244' title='bbox 572 2690 732 2722; x_wconf 86' lang='lat' dir='ltr'><strong>meam</strong></span> <span class='ocrx_word' id='word_1_245' title='bbox 769 2675 944 2732; x_wconf 89' lang='lat' dir='ltr'><strong>venire,</strong></span> <span class='ocrx_word' id='word_1_246' title='bbox 982 2664 1093 2723; x_wconf 88' lang='lat' dir='ltr'><strong>cum</strong></span> <span class='ocrx_word' id='word_1_247' title='bbox 1134 2677 1345 2724; x_wconf 88' lang='lat' dir='ltr'><strong>exercitu</strong></span> <span class='ocrx_word' id='word_1_248' title='bbox 1383 2692 1494 2724; x_wconf 90' lang='lat' dir='ltr'><strong>meo</strong></span> <span class='ocrx_word' id='word_1_249' title='bbox 1531 2679 1594 2725; x_wconf 90' lang='lat' dir='ltr'><strong>ab</strong></span> <span class='ocrx_word' id='word_1_250' title='bbox 1630 2677 1904 2726; x_wconf 89' lang='lat' dir='ltr'><strong>confluente</strong></span> 
     </span>
     <span class='ocr_line' id='line_1_32' title="bbox 333 2749 1903 2823; baseline 0.006 -24"><span class='ocrx_word' id='word_1_251' title='bbox 333 2749 415 2819; x_wconf 91' lang='lat' dir='ltr'><strong>[ab</strong></span> <span class='ocrx_word' id='word_1_252' title='bbox 440 2751 706 2823; x_wconf 86' lang='lat' dir='ltr'><strong>Rhodano]</strong></span> <span class='ocrx_word' id='word_1_253' title='bbox 741 2765 895 2805; x_wconf 89' lang='lat' dir='ltr'><strong>castra</strong></span> <span class='ocrx_word' id='word_1_254' title='bbox 934 2758 1065 2806; x_wconf 90' lang='lat' dir='ltr'><strong>movi</strong></span> <span class='ocrx_word' id='word_1_255' title='bbox 1100 2772 1156 2806; x_wconf 89' lang='lat' dir='ltr'><strong>ac</strong></span> <span class='ocrx_word' id='word_1_256' title='bbox 1191 2766 1361 2807; x_wconf 88' lang='lat' dir='ltr'><strong>contra</strong></span> <span class='ocrx_word' id='word_1_257' title='bbox 1396 2774 1481 2807; x_wconf 91' lang='lat' dir='ltr'><strong>eos</strong></span> <span class='ocrx_word' id='word_1_258' title='bbox 1515 2761 1676 2808; x_wconf 88' lang='lat' dir='ltr'><strong>venire</strong></span> <span class='ocrx_word' id='word_1_259' title='bbox 1711 2761 1903 2810; x_wconf 89' lang='lat' dir='ltr'><strong>institui.</strong></span> 
     </span>
    </p>
   </div>
  </div>
 </body>
</html>
