2040 3048
158 116 232 168 Ep.
265 104 380 173 117.]
520 113 711 154 EPIST.
749 112 831 152 AD
867 111 1145 152 ATTICUM
1180 110 1302 150 XVI.
1343 113 1390 166 7.
1636 110 1739 166 239

157 238 434 301 prudenter,
471 246 634 286 tamen
674 239 907 297 ἀνεμέσητα
947 244 1070 296 sunt,
1109 236 1320 300 primum
1358 231 1492 297 quod
1530 231 1591 280 de
1630 247 1739 280 mea

157 323 395 370 sententia
441 328 549 370 acta
597 328 721 379 sunt,
771 320 945 368 deinde
994 320 1139 368 etiam
1189 320 1226 366 si
1273 327 1320 366 te
1368 324 1578 374 auctore,
1622 315 1739 377 quid

158 404 301 451 debet
326 404 408 466 qui
434 402 690 451 consilium
717 402 798 450 dat
822 411 1064 465 praestare
1090 410 1277 464 praeter
1302 400 1479 448 fidem?
1543 414 1586 459 3.
1614 397 1739 446 Illud

157 485 380 533 admirari
406 486 519 534 satis
545 499 645 532 non
671 485 818 547 potui,
846 484 979 547 quod
1012 483 1243 546 scripsisti
1274 482 1347 530 his
1372 481 1556 529 verbis:
1586 481 1738 527 ‘bene

155 567 298 630 igitur
322 575 387 625 tu,
413 567 495 631 qui
519 568 787 625 εὐθανασίαν,
812 566 937 614 bene
970 565 1186 628 relinque
1220 564 1458 628 patriam.'
1530 562 1610 610 An
1644 576 1737 623 ego

155 649 486 712 relinquebam
518 656 600 696 aut
634 648 719 696 tibi
754 656 857 695 tum
892 648 1162 709 relinquere
1199 646 1426 694 videbar?
1462 653 1514 692 tu
1549 645 1598 692 id
1637 659 1738 691 non

156 730 307 779 modo
348 714 449 778 non
490 730 797 793 prohibebas,
831 745 996 777 verum
1038 729 1184 776 etiam
1220 726 1542 789 adprobabas.
1617 725 1738 773 Gra-

155 814 301 872 viora,
328 828 452 876 quae
487 819 696 860 restant:
724 812 893 860 ‘velim
928 815 1113 871 σχόλιον
1138 809 1338 874 aliquod
1363 809 1530 856 elimes
1556 808 1619 856 ad
1644 823 1737 866 me,

156 895 427 959 oportuisse
451 903 498 942 te
531 894 655 942 istuc
688 892 876 942 facere?
949 893 1103 952 Itane,
1130 892 1198 940 mi
1222 891 1416 940 Attice?
1453 890 1737 939 defensione

158 985 267 1039 eget
290 992 455 1024 meum
481 976 676 1034 factum,
703 976 986 1039 praesertim
1013 974 1143 1038 apud
1175 982 1235 1032 te,
1263 973 1345 1036 qui
1381 972 1430 1021 id
1462 971 1739 1019 mirabiliter

157 1059 468 1122 adprobasti?
540 1059 652 1122 Ego
685 1073 799 1107 Vero
832 1060 978 1106 istum
1015 1059 1312 1118 ἀπολογισμὸν
1349 1057 1625 1113 συντ-ἄξομαι,
1654 1054 1739 1103 sed

159 1142 222 1190 ad
258 1156 426 1190 eorum
462 1141 686 1204 aliquem,
714 1141 890 1204 quibus
925 1140 1083 1187 invitis
1120 1147 1166 1187 et
1203 1136 1591 1186 dissuadentibus
1629 1150 1739 1199 pro-

158 1223 310 1273 fectus
347 1238 480 1272 sum:
524 1224 613 1271 etsi
649 1222 765 1286 quid
801 1223 898 1270 iam
932 1235 1058 1284 opus
1094 1228 1168 1268 est
1202 1220 1408 1282 σχολίῳί
1445 1220 1485 1266 si
1521 1233 1740 1281 perseve-

158 1321 356 1363 rassem,
394 1320 519 1368 opus
567 1304 746 1352 fuisset.
821 1303 906 1350 ‘At
948 1302 1043 1350 hoc
1084 1302 1246 1365 ipsum
1287 1315 1389 1348 non
1432 1299 1739 1347 constanter.’

160 1387 324 1436 Nemo
371 1389 544 1436 doctus
589 1386 1045 1451 umquam—multa
1093 1391 1255 1432 autem
1304 1384 1364 1431 de
1411 1382 1506 1431 hoc
1560 1398 1740 1446 genere

160 1471 337 1534 scripta
391 1470 892 1519 sunt—mutationem
948 1467 1136 1517 consilii
1195 1465 1572 1514 inconstantiam
1624 1465 1742 1513 dixit

159 1567 280 1602 esse.
365 1570 409 1613 4.
458 1552 704 1615 Deinceps
752 1552 895 1614 igitur
942 1550 1094 1598 haec:
1146 1553 1290 1596 ‘nam
1337 1548 1378 1596 si
1433 1563 1462 1595 a
1518 1547 1741 1596 Phaedro

161 1643 329 1683 nostro
354 1645 496 1694 esset,
522 1635 747 1698 expedita
772 1634 1022 1682 excusatio
1047 1640 1202 1680 esset:
1241 1646 1373 1678 nunc
1397 1629 1515 1692 quid
1537 1645 1740 1694 respon-

162 1718 334 1766 demus
353 1718 390 1766 ?'
419 1733 538 1780 ergo
563 1718 612 1765 id
636 1725 739 1765 erat
762 1731 927 1764 meum
952 1715 1147 1773 factum,
1173 1713 1308 1777 quod
1333 1713 1511 1761 Catoni
1535 1713 1743 1776 probare

160 1815 262 1848 non
281 1800 511 1862 possem?
538 1799 705 1862 flagitii
724 1799 904 1847 scilicet
928 1798 1128 1860 plenum
1153 1805 1198 1845 et
1223 1795 1492 1844 dedecoris.
1542 1794 1741 1843 Utinam

162 1897 191 1929 a
225 1882 383 1944 primo
419 1882 485 1930 ita
520 1882 605 1929 tibi
640 1888 768 1929 esset
803 1880 991 1928 visum?
1040 1887 1092 1927 tu
1127 1878 1260 1936 mihi,
1298 1878 1421 1926 sicut
1457 1892 1563 1925 esse
1600 1877 1742 1936 soleS,

161 1963 333 2011 fuisses
381 1963 519 2012 Cato.
600 1975 645 2024 5.
699 1962 986 2010 Extremum
1033 1961 1149 2008 illud
1196 1960 1272 2007 vel
1319 1959 1743 2007 molestissimum:

163 2049 307 2093 ‘nam
343 2045 518 2093 Brutus
554 2053 720 2093 noster
756 2043 890 2103 silet‚’
915 2043 1011 2091 hoc
1048 2051 1134 2101 est,
1173 2058 1275 2090 non
1312 2041 1458 2089 audet
1493 2041 1742 2089 hominem

161 2127 210 2175 id
257 2127 425 2175 aetatis
471 2142 688 2175 monere.
759 2126 906 2174 Aliud
953 2125 1069 2173 nihil
1116 2125 1292 2183 habe0‚
1335 2123 1470 2186 quod
1516 2123 1574 2171 iis
1622 2139 1651 2171 a
1696 2132 1742 2171 te

162 2210 318 2257 verbis
366 2209 623 2272 significari
670 2216 850 2271 putem,
888 2215 935 2255 et
976 2207 1168 2255 hercule
1211 2207 1276 2254 ita
1318 2215 1403 2254 est.
1476 2204 1606 2253 Nam
1648 2221 1742 2254 xvr.

163 2291 273 2340 Kal.
313 2290 443 2354 Sept.
483 2306 596 2339 cum
644 2291 884 2338 venissem
926 2289 1131 2347 Veliam,
1170 2288 1347 2336 Brutus
1389 2288 1592 2346 audivit;
1643 2298 1744 2336 erat

163 2374 292 2422 enirn
340 2389 452 2421 cum
500 2373 598 2422 suis
646 2373 847 2421 navibus
894 2372 1025 2436 apud
1082 2370 1310 2419 Haletem
1365 2370 1578 2428 fluvium,
1628 2371 1745 2419 citra

163 2453 356 2501 Veliam
400 2453 530 2500 milia
565 2469 797 2516 passuum
832 2469 924 2512 1115
964 2452 1171 2515 pedibus
1214 2452 1277 2499 ad
1318 2466 1399 2499 me
1441 2451 1628 2500 statim:
1667 2451 1743 2499 dei

163 2534 472 2593 immortales,
507 2550 655 2597 quam
691 2535 826 2583 valde
862 2534 938 2582 ille
974 2534 1129 2581 reditu
1164 2533 1238 2580 vel
1274 2533 1434 2595 potius
1473 2533 1744 2581 reversione

163 2632 275 2664 mea
309 2617 511 2665 laetatus
546 2616 714 2665 effudit
750 2617 826 2665 illa
862 2617 1040 2674 omnia,
1068 2631 1191 2679 quae
1228 2617 1469 2663 tacuerat!
1500 2623 1553 2663 ut
1585 2631 1744 2664 recor-

165 2699 303 2746 darer
351 2698 467 2746 illud
514 2707 650 2746 tuum
688 2701 832 2746 ‘nam
881 2698 1056 2745 Brutus
1105 2704 1270 2744 noster
1320 2697 1456 2744 silet.’
1528 2696 1745 2745 Maxime

167 2788 329 2828 autem
388 2779 583 2828 dolebat
636 2795 715 2828 me
772 2779 882 2828 Kal.
934 2780 1062 2828 Sext.
1112 2779 1162 2826 in
1209 2787 1381 2828 senatu
1429 2793 1530 2827 non
1586 2779 1745 2829 fuisse.
