2040 3048
255 134 361 189 204
709 133 771 176 M.
816 131 1016 173 TULLII
1051 132 1366 174 CICERONIS
1622 119 1734 197 [Pars
1759 138 1828 179 ιν.

254 281 365 314 cum
391 264 629 314 secundas
656 265 800 313 etiam
826 280 902 313 res
928 272 1131 324 nostras,
1157 281 1258 314 non
1284 266 1434 314 modo
1459 266 1697 325 adversas,
1722 282 1829 330 per-

255 347 582 403 timescebam,
611 346 930 409 videbamque
955 354 1138 410 quanto
1169 349 1379 411 periculo
1410 348 1470 396 de
1501 348 1602 396 iure
1634 349 1829 412 publico

254 427 600 490 disceptaretur
639 428 811 487 armis;
851 429 1025 491 quibus
1062 428 1102 476 si
1136 429 1168 476 ii
1202 429 1440 488 vicissent,
1477 430 1540 477 ad
1575 444 1699 492 quos
1734 445 1830 492 ego

255 509 389 571 pacis
414 523 514 570 spe,
533 523 634 556 non
659 509 770 556 belli
794 510 1054 572 cupiditate
1079 511 1313 559 adductus
1339 526 1651 570 accesseram,
1666 519 1829 559 tamen

254 590 607 652 intellegebam,
633 598 680 637 et
706 591 934 638 iratorum
959 590 1211 640 hominum
1236 601 1283 640 et
1307 593 1596 657 cupidorum
1620 600 1667 640 et
1699 593 1827 641 inso-

254 671 453 718 lentium
478 686 625 734 quam
650 672 854 721 crudelis
881 680 1007 722 esset
1031 673 1186 722 futura
1210 675 1418 734 victoria,
1436 675 1511 723 sin
1536 682 1696 723 autem
1721 676 1830 724 victi

255 761 430 812 essent,
443 760 649 816 quantus
670 753 884 802 interitus
903 762 1029 803 esset
1047 755 1232 805 futurus
1251 757 1425 806 civium
1444 757 1617 820 partim
1637 757 1831 819 amplis-

254 835 501 894 simorum,
518 835 691 897 partim
717 825 860 884 etiam
884 837 1191 899 optimorum,
1209 838 1291 901 qui
1315 854 1393 887 me
1412 838 1533 887 haec
1551 838 1831 901 praedicen-

254 924 353 964 tem
387 923 529 978 atque
563 918 746 979 optime
780 918 1113 966 consulentem
1139 921 1277 967 saluti
1303 935 1418 968 suae
1442 920 1685 968 malebant
1708 920 1830 967 nim-

254 999 354 1045 ium
380 997 602 1045 timidum
626 1014 773 1060 quam
806 1000 920 1047 satis
953 1001 1239 1062 prudentem
1265 1002 1537 1050 existimari.
1610 1018 1653 1063 3.
1681 1001 1831 1061 Quod

254 1087 415 1129 autem
439 1079 558 1127 mihi
583 1080 643 1128 de
669 1095 743 1139 eo,
760 1081 893 1143 quod
916 1083 1111 1144 egerim,
1127 1083 1390 1146 gratularis,
1407 1092 1453 1132 te
1476 1084 1540 1131 ita
1558 1084 1676 1131 velle
1700 1091 1831 1132 certo

255 1162 372 1220 sci0,
391 1161 478 1209 sed
502 1176 597 1223 ego
622 1170 721 1209 tarn
745 1163 921 1211 misero
945 1172 1164 1227 tempore
1189 1164 1304 1213 nihil
1329 1166 1441 1213 novi
1466 1165 1652 1214 consilii
1677 1166 1830 1228 cepis·

254 1260 371 1303 sem,
391 1244 480 1292 nisi
499 1245 548 1291 in
568 1245 722 1292 reditu
740 1261 853 1294 meo
873 1246 1020 1294 nihilo
1038 1247 1261 1296 meliores
1280 1263 1356 1296 res
1376 1247 1664 1296 domesticas
1684 1263 1831 1311 quam

253 1342 357 1374 rem
382 1327 624 1389 publicam
649 1327 991 1376 offendissem:
1024 1329 1197 1392 quibus
1221 1330 1350 1377 enim
1375 1345 1465 1392 pro
1490 1331 1611 1378 meis
1634 1330 1830 1378 immor-

253 1409 425 1457 talibus
450 1408 694 1457 beneficiis
719 1410 965 1458 carissima
987 1426 1098 1459 mea
1117 1412 1243 1459 salus
1262 1420 1309 1460 et
1327 1428 1465 1460 meae
1484 1411 1705 1461 fortunae
1724 1429 1828 1462 esse

253 1491 510 1549 debebant,
530 1506 642 1539 cum
667 1499 865 1555 propter
889 1507 1058 1540 eorum
1084 1493 1239 1541 scelus
1265 1493 1380 1541 nihil
1405 1494 1521 1541 mihi
1545 1495 1668 1543 intra
1689 1510 1829 1544 meos

252 1573 457 1635 parietes
482 1579 651 1631 tutum,
672 1573 789 1620 nihil
814 1573 997 1622 insidiis
1021 1589 1226 1622 vacuum
1250 1575 1476 1634 viderem,
1492 1591 1727 1625 novarum
1748 1592 1828 1626 me
1893 1578 1924 1586 ’“

251 1653 659 1702 necessitudinum
686 1654 910 1703 fidelitate
936 1663 1105 1703 contra
1139 1663 1353 1704 veterum
1386 1658 1637 1720 perfidiam
1670 1660 1828 1707 muni-

252 1737 435 1784 endum
460 1737 635 1799 putavi,
708 1737 806 1784 Sed
832 1737 892 1786 de
917 1738 1093 1785 nostris
1118 1739 1260 1787 rebus
1286 1741 1399 1787 satis
1423 1740 1496 1788 vel
1530 1741 1673 1788 etiam
1704 1742 1828 1789 nim-

251 1819 351 1865 ium
377 1818 542 1866 multa.
615 1834 660 1877 4.
698 1818 774 1866 De
800 1820 891 1867 tuis
916 1820 1058 1867 velim
1082 1827 1134 1868 ut
1157 1835 1217 1868 eo
1250 1822 1315 1869 sis
1340 1822 1517 1880 animo,
1546 1838 1645 1885 quo
1678 1823 1827 1871 debes

253 1915 374 1957 esse,
401 1899 449 1947 id
482 1907 567 1958 est,
592 1908 644 1947 ut
673 1916 734 1949 ne
759 1901 878 1963 quid
901 1900 985 1948 tibi
1009 1902 1266 1965 praecipue
1291 1903 1560 1951 timendum
1584 1912 1750 1966 putes:
1788 1906 1828 1954 si

251 1982 382 2028 enim
419 1988 569 2029 status
606 1982 693 2029 erit
729 1982 901 2045 aliquis
937 1983 1151 2042 civitatis,
1178 1985 1470 2047 quicumque
1507 1986 1606 2044 erit,
1640 1993 1686 2033 te
1721 2002 1827 2035 om-

252 2064 385 2110 nium
416 2062 739 2125 periculorum
763 2065 904 2112 video
937 2073 1186 2128 expertem
1215 2067 1316 2114 fore
1331 2083 1346 2126 ς
1382 2082 1496 2114 nam
1531 2068 1706 2116 alteros
1743 2070 1827 2117 tibi

251 2146 349 2192 iam
374 2144 589 2208 placatos
614 2160 720 2193 esse
745 2145 982 2208 intellego,
1001 2147 1175 2194 alteros
1200 2163 1468 2210 numquam
1492 2149 1637 2197 iratos
1663 2150 1822 2199 fuisse.

252 2226 328 2275 De
353 2241 463 2273 mea
488 2233 650 2274 autem
675 2226 724 2273 in
753 2233 799 2274 te
831 2228 1072 2275 voluntate
1107 2229 1174 2276 sic
1205 2228 1346 2276 velim
1379 2229 1576 2288 iudices,
1602 2246 1694 2290 me,
1720 2234 1825 2294 qui-

251 2307 553 2370 buscumque
595 2309 737 2356 rebus
777 2324 903 2372 opus
945 2324 1052 2358 esse
1092 2309 1382 2372 intellegam,
1420 2326 1716 2374 quamquam
1757 2315 1823 2361 vi-

252 2388 408 2447 deam,
429 2390 509 2452 qui
535 2390 626 2437 sim
651 2390 743 2438 hoc
770 2399 986 2454 tempore
1013 2399 1059 2439 et
1078 2392 1194 2453 quid
1212 2394 1413 2455 possim,
1430 2409 1579 2456 opera
1599 2402 1761 2442 tamen
1779 2403 1826 2443 et

254 2471 471 2530 consilio,
498 2472 656 2520 studio
683 2473 879 2534 quidem
910 2481 1037 2521 certe
1063 2474 1129 2521 rei
1154 2473 1309 2522 famae
1335 2475 1471 2523 saluti
1498 2483 1607 2523 tuae
1631 2485 1824 2538 praesto

253 2552 479 2601 futurum.
551 2553 631 2602 Tu
673 2554 828 2614 velim,
869 2563 915 2602 et
956 2555 1074 2617 quid
1115 2571 1232 2617 agas
1275 2564 1321 2604 et
1363 2557 1478 2620 quid
1520 2566 1735 2605 acturum
1777 2567 1824 2607 te

254 2644 407 2698 putes,
434 2635 579 2684 facias
604 2651 682 2683 me
709 2652 856 2700 quam
884 2636 1247 2699 diligentissime
1273 2638 1536 2687 certiorem.

2025 509 2040 559 A.
2031 440 2040 491 ..η-ι
2031 396 2040 412 e-

2032 1719 2040 1732 ι
2025 1067 2040 1701 manum—..m
2024 1013 2040 1046 ’Λ
2032 963 2040 996 ..ι
2034 910 2036 915 -
2031 797 2040 842 μ..
2031 733 2040 763 .·.·
