2040 3048
129 129 197 180 Ep.
220 115 310 185 πᾳ]
473 124 661 164 EPIST.
700 124 781 162 AD
818 122 1188 162 FAMILIARES
1227 124 1265 161 J.
1307 129 1353 180 9.
1635 124 1701 180 79

128 260 174 299 et
224 251 468 312 dignitate.
542 248 639 297 Hic
686 248 890 296 multum
940 249 1083 296 valuit
1139 263 1250 296 cum
1297 256 1432 295 vetus
1481 249 1701 307 amicitia,

127 348 273 396 quam
309 340 359 379 tu
395 346 495 379 non
531 331 727 393 ignoras
760 330 875 376 mihi
901 337 948 377 et
973 329 1159 388 Quinto
1194 329 1323 376 fratri
1358 344 1468 377 cum
1496 328 1705 377 Caesare

130 414 289 472 fuisse,
316 422 418 462 tum
443 412 718 460 humanitas
744 413 845 460 eius
880 427 936 459 ac
970 412 1224 459 liberalitas
1259 411 1390 458 brevi
1416 418 1634 474 tempore
1661 420 1707 459 et

127 497 290 547 litteris
314 505 362 545 et
386 495 554 544 officiis
578 503 831 558 perspecta
855 495 1000 542 nobis
1025 503 1071 542 et
1095 495 1305 557 cognita.
1378 493 1707 542 Vehementer

128 582 271 630 etiam
310 594 387 627 res
427 579 534 641 ipsa
572 577 764 640 publica
801 592 880 624 me
922 577 1087 635 movit,
1132 591 1254 639 quae
1301 575 1418 623 mihi
1460 575 1708 623 videbatur

129 662 506 719 contentionem,
533 660 813 722 praesertim
838 659 1061 706 maximis
1086 659 1230 705 rebus
1257 673 1286 704 a
1311 656 1518 706 Caesare
1544 658 1706 719 gestis,

129 759 240 794 cum
265 743 354 791 illis
378 742 489 790 viris
515 742 644 790 nolle
669 741 770 789 fieri
795 748 855 798 et,
880 756 941 787 ne
968 740 1114 798 fieret,
1139 738 1449 787 vehementer
1472 754 1704 788 recusare.

130 824 425 874 Gravissime
451 831 613 871 autem
637 838 715 871 me
741 822 791 870 in
815 822 942 870 hanc
967 829 1181 869 mentem
1205 821 1393 884 impulit
1417 829 1463 869 et
1489 821 1708 883 Pompeii

129 907 263 964 fides,
290 921 436 970 quam
470 906 530 953 de
567 920 645 953 me
681 903 880 953 Caesari
914 903 1127 962 dederat,
1152 911 1200 951 et
1231 903 1386 952 fratris
1422 903 1533 963 mei,
1559 918 1708 965 quam

129 989 380 1052 Pompeio.
449 987 603 1035 Erant
635 995 881 1050 praeterea
913 986 1033 1035 haec
1067 986 1492 1035 animadvertenda
1521 986 1573 1034 in
1597 987 1708 1034 civi-

129 1078 239 1129 tate,
265 1085 390 1132 quae
415 1078 526 1118 sunt
557 1069 688 1132 apud
723 1068 978 1117 Platonem
1014 1077 1233 1116 nostrum
1266 1069 1442 1132 scripta
1471 1068 1707 1127 divinitus,

132 1156 298 1218 quales
323 1156 373 1203 in
396 1171 447 1203 re
472 1155 666 1218 publica
695 1155 936 1218 principes
966 1162 1142 1212 essent,
1168 1154 1288 1201 tales
1321 1153 1530 1216 reliquos
1555 1153 1708 1202 solere

130 1252 237 1284 esse
262 1237 402 1284 cives.
461 1237 716 1285 Tenebam
740 1236 975 1284 memoria
1000 1236 1143 1283 nobis
1163 1235 1442 1283 consulibus
1461 1250 1519 1283 ea
1537 1234 1709 1284 funda-

133 1326 297 1365 menta
332 1319 456 1366 iacta
496 1319 593 1365 iam
635 1333 695 1365 ex
731 1317 967 1365 Kalendis
1004 1317 1238 1364 Ianuariis
1275 1317 1596 1364 confirmandi
1636 1332 1710 1365 se-

130 1410 286 1458 natus,
310 1407 364 1447 ut
388 1399 633 1447 neminem
659 1399 818 1446 mirari
852 1406 1095 1461 oporteret
1128 1397 1289 1446 Nonis
1321 1397 1580 1447 Decembr.
1606 1407 1710 1447 tan·

130 1486 233 1526 tum
257 1478 331 1525 vel
355 1478 503 1525 animi
528 1477 674 1525 fuisse
699 1478 748 1525 in
778 1477 859 1526 illo
885 1477 1056 1525 ordine
1085 1477 1160 1524 vel
1193 1477 1488 1525 auctoritatis
1507 1493 1520 1537 3
1558 1478 1711 1526 idem-

131 1575 224 1623 que
271 1560 589 1608 memineram
636 1559 778 1608 nobis
819 1559 1013 1622 privatis
1051 1573 1206 1622 usque
1256 1559 1319 1607 ad
1357 1558 1618 1608 Caesarem
1665 1569 1713 1608 et

132 1641 357 1690 Bibulum
402 1641 643 1700 consuleS,
680 1658 793 1690 curn
841 1642 1105 1690 sententiae
1144 1650 1348 1690 nostrae
1385 1657 1625 1704 magnum
1661 1645 1711 1691 in

132 1732 302 1772 senatu
332 1723 527 1786 pondus
558 1723 803 1783 haberent,
828 1739 982 1771 unum
1017 1723 1115 1772 fere
1145 1738 1343 1771 sensum
1377 1723 1524 1772 fuisse
1559 1725 1714 1774 bono-

132 1821 239 1853 rum
262 1806 497 1853 omnium.
576 1821 650 1866 13.
689 1804 879 1863 Postea,
906 1821 1019 1853 cum
1052 1814 1104 1853 tu
1129 1804 1420 1868 Hispaniam
1445 1806 1714 1855 citeriorem

133 1904 245 1938 cum
268 1888 472 1951 imperio
489 1888 730 1936 obtineres
755 1903 913 1950 neque
933 1903 1009 1936 res
1035 1887 1229 1951 publica
1253 1888 1478 1936 consules
1502 1888 1713 1948 haberet,

133 1971 220 2020 sed
266 1978 559 2018 mercatores
607 1971 961 2032 provinciarum
1009 1978 1057 2018 et
1104 1971 1398 2018 seditionum
1446 1985 1610 2019 servos
1658 1987 1715 2020 ac

133 2052 394 2110 ministros,
435 2051 546 2100 iecit
582 2052 781 2114 quidam
819 2067 960 2100 casus
998 2060 1144 2115 caput
1192 2067 1356 2099 meum
1392 2053 1530 2114 quasi
1565 2062 1715 2101 certa-

135 2133 275 2180 minis
317 2148 463 2180 causa
503 2132 553 2180 in
601 2134 813 2182 mediam
850 2135 1216 2182 contentionem
1265 2134 1716 2198 dissensionemque

135 2213 319 2262 civilem
336 2229 348 2272 ;
388 2228 485 2276 quo
514 2214 566 2261 in
599 2214 875 2263 discrimine
901 2232 1011 2264 cum
1050 2217 1252 2264 mirifica
1285 2224 1494 2275 senatus,
1514 2218 1718 2265 incredi-

135 2295 243 2344 bilis
267 2295 431 2343 Italiae
454 2297 614 2354 totius,
643 2297 895 2359 singularis
921 2298 1142 2346 omnium
1175 2299 1420 2346 bonorum
1455 2300 1716 2348 consensio

135 2377 185 2425 in
231 2392 308 2426 rne
355 2377 538 2426 tuendo
586 2379 858 2435 exstitisset,
902 2394 1004 2427 non
1048 2379 1222 2438 dicam,
1265 2380 1381 2442 quid
1423 2381 1718 2429 acciderit—-

137 2458 396 2509 multorum
420 2467 491 2507 est
520 2460 650 2507 enim
687 2468 734 2508 et
766 2461 895 2508 varia
921 2461 1147 2523 culpa—,
1173 2468 1360 2509 tantum
1387 2462 1545 2510 dicam
1570 2463 1715 2522 brevi,

138 2553 239 2587 non
263 2539 379 2586 mihi
403 2540 665 2588 exercitum
691 2541 775 2589 sed
801 2540 948 2589 duces
970 2541 1192 2589 defuisse.
1244 2542 1303 2589 In
1329 2558 1442 2605 quo,
1461 2550 1513 2591 ut
1538 2544 1634 2591 iam
1661 2545 1719 2592 sit

140 2620 190 2668 in
215 2620 271 2672 iis
296 2620 451 2683 culpa,
471 2623 553 2683 qui
578 2637 655 2670 me
681 2637 783 2672 non
809 2622 1140 2679 defenderunt,
1162 2638 1264 2670 non
1287 2625 1449 2672 minor
1474 2634 1546 2672 est
1569 2625 1619 2672 in
1646 2626 1717 2685 iis,

144 2701 225 2763 qui
248 2701 552 2763 reliquerunt,
578 2711 636 2762 et,-
669 2704 708 2751 si
742 2704 1002 2754 accusandi
1035 2713 1159 2763 sunt,
1187 2705 1225 2753 si
1250 2708 1331 2768 qui
1356 2708 1717 2768 pertimuerunt,

146 2783 299 2846 magis
324 2783 469 2831 etiam
493 2784 887 2847 reprehendendi,
926 2786 966 2834 si
1001 2787 1083 2849 qui
1120 2801 1170 2835 se
1206 2787 1373 2836 timere
1410 2789 1718 2838 simularunt:
