2040 3048
161 115 228 165 Ep.
253 102 315 171 7·]
547 110 734 150 EPIST.
769 110 851 148 AD
887 108 1163 147 ATTmUM
1197 110 1234 151 J.
1270 113 1346 162 14.
1670 114 1730 168 13

158 243 385 293 Messalla
419 242 592 292 consul
628 242 678 289 in
711 247 881 289 senatu
906 240 966 288 de
993 239 1231 302 Pompeio
1258 240 1503 302 quaesivit,
1530 241 1646 302 quid
1671 241 1730 288 de

154 328 384 390 religione
419 333 465 374 et
500 325 560 373 de
585 324 892 387 promulgata
915 324 1168 385 rogatione
1193 324 1415 370 sentiret:
1454 323 1643 371 locutus
1668 324 1732 370 ita

152 418 223 458 est
247 410 295 457 in
327 415 509 466 senatu,
537 415 589 455 ut
620 407 786 455 omnia
818 406 941 454 illius
974 406 1156 454 ordinis
1185 405 1405 454 consulta
1431 411 1604 465 γενικῶς
1634 406 1731 453 lau-

151 493 297 550 daret,
322 491 551 553 mihique,
575 498 628 537 ut
651 489 850 547 adsedit,
880 489 999 536 dixit
1024 495 1267 551 se-putare
1289 488 1401 535 satis
1425 489 1486 535 ab
1511 503 1562 536 se
1588 496 1729 535 etiam

149 575 209 623 de
234 574 334 622 istis
359 574 503 621 rebus
536 587 641 620 esse
671 586 977 634 responsum.
1053 587 1096 631 3.
1136 570 1342 618 Crassus
1375 578 1549 633 postea
1582 585 1730 633 quam

147 657 263 704 vidit
300 656 430 703 illum
468 654 719 717 excepisse
761 653 954 701 laudem
992 668 1052 700 ex
1090 667 1165 711 e0,
1205 653 1339 716 quod
1375 653 1729 715 suspicarentur

147 739 372 787 homines
406 738 449 786 ei
479 737 785 786 consulatum
817 751 983 784 meum
1016 735 1219 798 placere,
1247 736 1450 783 surrexit
1484 736 1729 783 ornatissi-

146 837 322 884 meque
355 821 416 868 de
450 835 563 868 meo
602 819 857 867 consulatu
892 818 1081 866 locutus
1118 826 1204 876 est,
1241 826 1292 865 ut
1327 819 1394 866 ita
1430 818 1624 878 diceret,
1661 834 1727 877 se,

146 903 281 967 quod
315 911 440 951 esset
472 909 680 960 senator,
715 901 849 964 quod
881 901 1010 959 civis,
1041 901 1177 964 quod
1211 900 1344 959 liber,
1370 901 1505 963 quod
1538 902 1726 960 viveret,

145 987 262 1034 mihi
321 993 575 1048 acceptum
629 984 832 1043 referre3
894 983 1118 1047 quotiens
1175 983 1448 1045 coniugem,
1503 984 1728 1046 quotiens

147 1070 364 1126 domum,
405 1068 630 1131 quotiens
666 1067 870 1129 patriam
906 1066 1100 1125 videret,
1137 1066 1314 1114 totiens
1351 1081 1403 1114 se
1437 1067 1727 1115 beneficium

145 1167 309 1199 meum
327 1150 503 1200 videre.
573 1149 707 1208 Quid
725 1149 906 1196 multa?
931 1156 1087 1196 totum
1111 1148 1240 1196 hunc
1264 1148 1441 1206 locum,
1462 1163 1608 1211 quem
1634 1164 1728 1212 ego

145 1234 272 1282 varie
308 1233 429 1280 meis
465 1232 780 1289 orationibus,
819 1246 1023 1293 quarum
1059 1239 1111 1278 tu
1148 1229 1455 1278 Aristarchus
1491 1246 1559 1290 es,
1594 1232 1728 1280 soleo

145 1317 361 1381 pingere,
388 1315 448 1363 de
473 1314 682 1372 flamma,
711 1313 771 1361 de
797 1313 1121 1360 ferro—nosti
1151 1313 1253 1361 illas
1276 1313 1565 1372 ληκύθους-,
1591 1314 1728 1362 valde

145 1400 350 1462 graviter
372 1396 626 1460 pertexuit.
685 1395 944 1443 Proximus
969 1395 1207 1458 Pompeio
1232 1395 1492 1443 sedebam:
1518 1396 1728 1444 intellexi

145 1481 394 1529 hominem
414 1479 612 1538 moveri,
630 1486 791 1526 utrum
816 1476 1049 1525 Crassum
1073 1477 1193 1525 inire
1218 1493 1326 1525 eam
1346 1478 1562 1540 gratiam,
1580 1494 1727 1542 quam

145 1564 248 1626 ipse
276 1562 687 1626 praetermisisset,
715 1575 777 1607 an
809 1575 915 1607 esse
944 1566 1100 1607 tantas
1130 1575 1206 1608 res
1239 1568 1445 1619 nostras,
1470 1577 1595 1623 quae
1628 1571 1728 1610 tam

143 1646 309 1694 libenti
354 1652 524 1693 senatu
568 1643 888 1700 laudarentur,
930 1643 992 1689 ab
1039 1657 1099 1689 eo
1146 1643 1442 1705 praesertim,
1481 1643 1564 1706 qui
1610 1644 1728 1692 mihi

142 1728 335 1776 laudem
359 1727 489 1774 illam
513 1741 573 1774 eo
592 1726 753 1772 minus
777 1725 987 1783 deberet,
1004 1725 1137 1787 quod
1161 1726 1283 1772 meis
1308 1725 1537 1773 omnibus
1561 1727 1727 1775 litteris

142 1811 192 1857 in
229 1809 530 1872 Pompeiana
570 1807 711 1856 laude
753 1806 1032 1869 perstrictus
1067 1815 1210 1854 esset.
1282 1825 1326 1865 4.
1366 1806 1464 1855 Hic
1506 1808 1608 1857 dies
1646 1825 1726 1856 me

142 1892 278 1940 valde
303 1891 484 1940 Crasso
509 1889 739 1948 adiunxit,
765 1896 813 1937 et
838 1897 1000 1936 tamen
1030 1890 1092 1936 ab
1121 1889 1202 1956 illo
1235 1897 1399 1952 aperte
1427 1898 1556 1941 ,tecte
1592 1893 1726 1954 quic-

142 1975 258 2038 quid
283 1981 354 2022 est
379 1974 545 2022 datum
570 1973 771 2020 libenter
796 1971 976 2035 accepi.
1047 1970 1158 2034 Ego
1184 1979 1346 2019 autem
1371 1973 1490 2034 ipse,
1508 1973 1556 2020 di
1580 1975 1725 2023 boni!

142 2072 241 2120 quo
283 2056 433 2104 modo
483 2055 901 2115 ἐνεπερπερευσάμην
947 2068 1077 2101 novo
1117 2054 1324 2102 auditori
1372 2054 1640 2117 Pompeio!
1687 2057 1726 2104 si

141 2153 374 2202 umquam
398 2137 516 2185 mihi
539 2138 742 2198 περίοδοι,
768 2137 808 2184 Si
834 2138 997 2197 καρποί,
1025 2136 1065 2184 Si
1094 2136 1374 2196 ἐνθυμήματα,
1401 2137 1441 2185 Si
1473 2142 1727 2186 κατασκευαὶ

143 2221 581 2284 suppeditaverunt,
623 2219 705 2267 illo
747 2226 982 2281 tempore.
1060 2217 1195 2277 Quid
1234 2219 1420 2267 multa?
1474 2220 1725 2271 clamores,

141 2302 335 2351 Etenim
353 2303 475 2351 haec
494 2309 594 2350 erat
617 2303 848 2350 ὑπόθεσιςε
882 2302 942 2349 de
967 2302 1196 2363 gravitate
1218 2302 1416 2360 ordinis,
1436 2302 1497 2350 de
1517 2306 1725 2366 equestri

143 2385 417 2444 concordia,
462 2385 523 2433 de
569 2385 895 2432 consensione
943 2383 1122 2443 Italiae,
1163 2383 1224 2431 de
1271 2385 1596 2434 intermortuis
1651 2403 1724 2435 re-

143 2467 300 2533 liquiis
325 2467 684 2534 coniurationis,
705 2467 765 2514 de
788 2466 976 2524 vilitate,
996 2466 1058 2514 de
1082 2458 1197 2514 o‘ti0.
1270 2466 1414 2515 Nosti
1437 2468 1535 2516 iam
1559 2469 1608 2516 in
1632 2469 1724 2517 hac

67 2543 70 2546 ’
144 2550 342 2597 materia
373 2549 559 2597 sonitus
593 2556 813 2597 nostros:
850 2549 970 2596 tanti
1000 2548 1207 2607 fuerunt,
1232 2557 1286 2597 ut
1317 2564 1412 2612 ego
1446 2565 1506 2599 eo
1535 2552 1724 2600 brevior

146 2631 251 2690 sim,
267 2631 401 2693 quod
420 2645 505 2679 eos
523 2646 677 2694 usque
703 2631 844 2679 istinc
867 2631 1120 2679 exauditos
1145 2639 1327 2694 putem.
1389 2644 1433 2693 5.
1469 2633 1723 2684 Romanae

145 2706 306 2760 autem
348 2727 401 2760 se
440 2727 517 2760 res
559 2713 628 2761 sic
672 2711 882 2761 habent:
932 2720 1126 2762 senatus
1154 2713 1325 2774 *Αρειος
1365 2717 1513 2776 πάγος.
1590 2716 1721 2764 Nihil

145 2793 455 2852 constantim,
493 2794 611 2841 nihil
652 2795 876 2855 severius,
915 2795 1031 2842 nihil
1071 2794 1267 2843 fortius:
1312 2810 1426 2844 nam
1469 2811 1579 2845 cum
1618 2799 1719 2849 dies
1787 2856 1791 2861 ,
