2040 3048
202 112 379 166 Ep.146,
403 100 511 170 147-]
565 110 751 151 EPIST.
780 110 861 150 AD
887 109 1255 150 FAMILIARES
1282 111 1389 151 xrs.
1425 114 1504 151 10.
1678 109 1778 166 277

198 239 367 286 merita
391 246 645 296 exacuunt,
674 253 735 285 ne
762 238 879 301 quid
910 245 991 285 aut
1016 253 1076 285 ex
1103 251 1270 285 amore
1303 244 1384 285 aut
1410 251 1470 284 ex
1495 235 1672 284 iudicio
1699 243 1783 283 tuo

197 320 409 383 perdam.
485 318 618 383 Opto
645 327 696 367 ut
730 319 846 366 mihi
873 319 1013 368 liceat
1037 320 1133 367 iam
1160 319 1401 381 praesenti
1436 319 1614 381 pietate
1647 334 1781 366 meo-

197 418 302 451 rum
339 401 610 451 officiorum
635 408 716 448 tua
745 401 979 448 beneficia
1013 401 1096 448 tibi
1128 400 1284 448 facere
1310 400 1608 448 iucundiora.
1680 415 1781 448 vm.

197 484 312 533 Idus
336 483 443 533 Iun.
471 483 728 541 Cularone,
755 498 814 530 ex
840 483 1015 531 finibus
1041 482 1382 545 Allobrogum.

485 617 594 662 147.
666 613 763 660 AD
799 611 1221 660 FAMILIARES
1260 612 1374 659 XII.
1420 628 1495 661 10.

300 710 408 759 ScR.
448 710 630 758 ROMAE
666 723 880 757 INEUNTE
916 722 1075 756 MENSE
1111 707 1352 766 Qumnm
1388 723 1526 757 A.U.c.
1568 721 1680 769 711.

738 813 910 847 CICERO
945 811 1104 846 CASSIO
1139 811 1241 844 SAL.

271 910 309 943 1.
347 893 571 953 LEPIDUS,
599 902 709 942 tuus
739 893 927 951 adfinis,
955 907 1094 940 meus
1124 890 1380 950 familiaris,
1406 906 1478 955 pr.
1505 891 1569 941 K.
1597 891 1784 952 Quinc-

196 978 301 1027 tiles
327 977 575 1026 sententiis
600 977 830 1026 omnibus
850 975 1004 1025 hostis
1029 990 1058 1023 a
1077 982 1250 1023 senatu
1268 974 1505 1024 iudicatus
1526 984 1598 1024 est
1616 978 1783 1025 ceteri-

195 1075 305 1124 que,
322 1061 403 1124 qui
421 1075 520 1108 una
538 1074 651 1107 cum
666 1059 748 1107 illo
768 1075 797 1107 a
814 1074 865 1107 re
884 1057 1079 1122 publica
1099 1056 1379 1106 defecerunt
1385 1073 1398 1117 3
1425 1059 1601 1121 quibus
1619 1066 1782 1108 tamen

194 1144 257 1191 ad
294 1143 548 1191 sanitatem
583 1141 818 1190 redeundi
857 1149 968 1189 ante
1005 1139 1069 1188 K.
1111 1139 1242 1204 Sept.
1282 1148 1499 1204 potestas
1532 1141 1659 1190 facta
1697 1152 1782 1191 est.

195 1226 353 1275 Fortis
379 1240 495 1274 sane
521 1233 731 1284 senatus,
757 1224 843 1273 Sed
868 1224 1080 1272 maxime
1106 1239 1194 1287 spe
1220 1224 1420 1272 subsidii
1440 1224 1523 1273 tui.
1594 1224 1783 1274 Bellum

195 1308 408 1374 quidem,
433 1323 546 1356 cum
576 1307 698 1355 haec
734 1307 1021 1365 scribebam,
1049 1321 1167 1354 sane
1196 1321 1432 1368 magnum
1469 1316 1570 1355 erat
1604 1309 1783 1357 scelere

194 1402 242 1441 et
264 1392 452 1440 levitate
477 1390 665 1454 Lepidi.
735 1389 844 1438 Nos
876 1390 936 1438 de
961 1389 1219 1438 Dolabella
1243 1389 1477 1452 quotidie,
1503 1406 1627 1454 quae
1651 1392 1783 1441 volu-

194 1490 317 1532 mus,
343 1474 580 1530 audimus,
608 1472 695 1521 sed
719 1472 878 1520 adhuc
904 1471 1007 1520 sine
1033 1471 1206 1535 capite,
1226 1472 1329 1520 sine
1354 1481 1563 1531 auctore,
1590 1489 1783 1523 rumore

194 1557 379 1605 nuntio,
455 1571 496 1604 2.
538 1554 691 1615 Quod
724 1570 837 1603 cum
869 1555 936 1603 ita
967 1562 1111 1615 esset,
1135 1561 1301 1602 tamen
1330 1555 1496 1604 litteris
1529 1557 1638 1616 tuiS,
1663 1573 1784 1621 quas

195 1639 353 1688 Nonis
378 1637 522 1686 Maiis
555 1653 615 1685 ex
641 1638 807 1685 castris
841 1637 977 1685 datas
1014 1652 1373 1700 acceperamus,
1399 1637 1466 1686 ita
1497 1653 1782 1701 persuasum

195 1729 296 1770 erat
320 1719 508 1778 civitati,
536 1727 589 1767 ut
612 1719 746 1767 illum
771 1720 868 1767 iam
894 1734 1189 1782 oppressum
1223 1734 1397 1768 omnes
1430 1720 1783 1781 arbitrarentur,

194 1812 241 1852 te
276 1810 438 1851 autem
471 1803 522 1849 in
552 1801 740 1849 Italiam
775 1800 938 1849 venire
974 1816 1086 1849 cum
1124 1802 1352 1862 exercitu,
1388 1810 1455 1862 ut,
1492 1803 1532 1851 si
1566 1804 1686 1852 haec
1723 1821 1783 1853 ex

195 1885 433 1935 sententia
469 1882 694 1931 confecta
731 1890 906 1941 essent,
944 1884 1147 1931 consilio
1186 1892 1332 1948 atque
1369 1887 1651 1934 auctoritate
1686 1895 1781 1947 tua,

195 1969 269 2017 sin
295 1966 410 2031 quid
430 1966 551 2014 forte
576 1966 847 2026 titubatum,
868 1973 921 2013 ut
946 1966 998 2013 fit
1021 1966 1070 2013 in
1096 1967 1240 2026 bello,
1262 1968 1475 2016 exercitu
1498 1976 1584 2017 tuo
1609 1970 1782 2018 nitere-

194 2066 331 2111 mur;
382 2064 530 2114 quem
573 2049 770 2111 quidem
813 2063 909 2111 ego
951 2049 1219 2096 exercitum
1262 2050 1652 2114 quibuscumque
1693 2069 1782 2116 po-

193 2142 330 2181 tuero
376 2132 520 2179 rebus
568 2133 756 2179 ornabo
775 2145 788 2188 3
838 2131 973 2179 cuius
1020 2131 1087 2179 rei
1127 2139 1230 2178 tum
1271 2139 1466 2195 tempus
1514 2135 1613 2193 erit,
1655 2151 1782 2197 cum,

194 2214 310 2277 quid
335 2214 443 2277 opis
467 2214 534 2261 rei
558 2213 780 2277 publicae
806 2213 987 2262 laturus
1012 2214 1052 2261 is
1078 2215 1316 2261 exercitus
1354 2215 1412 2262 sit
1438 2223 1519 2263 aut
1544 2217 1659 2279 quid
1684 2218 1780 2267 iam

194 2297 362 2354 tulerit,
388 2303 560 2344 notum
586 2311 692 2344 esse
725 2296 971 2358 coeperit:
1008 2311 1124 2343 nam
1158 2296 1318 2344 adhuc
1351 2305 1538 2344 tantum
1576 2308 1781 2349 conatus

196 2378 465 2435 audiuntur,
491 2378 662 2440 optimi
698 2378 761 2425 illi
795 2378 992 2440 quidem
1029 2386 1076 2425 et
1109 2379 1493 2441 praeclarissimi,
1521 2381 1607 2428 sed
1642 2391 1781 2444 gesta

196 2476 270 2508 res
305 2467 626 2523 exspectatur,
656 2475 803 2523 quam
836 2461 1035 2523 quidem
1067 2469 1148 2509 aut
1178 2461 1275 2509 iam
1311 2476 1419 2510 esse
1451 2463 1661 2526 aliquam
1699 2474 1780 2513 aut

197 2543 589 2606 adpropinquare
630 2543 842 2592 confido,
916 2559 960 2605 3.
1004 2543 1117 2591 Tua
1154 2545 1324 2592 virtute
1364 2550 1408 2592 et
1443 2547 1779 2609 magnitudine

199 2624 347 2672 animi
388 2623 506 2671 nihil
547 2614 620 2672 est
654 2625 889 2683 nobilius;
927 2625 1088 2688 itaque
1130 2634 1370 2688 optamus,
1405 2634 1457 2674 ut
1499 2643 1646 2690 quam
1685 2629 1780 2691 pri-

199 2722 334 2755 mum
371 2714 417 2754 te
459 2706 509 2753 in
545 2705 685 2754 Italia
718 2707 993 2756 videamus:
1037 2723 1140 2755 rem
1181 2708 1426 2770 publicam
1471 2725 1562 2758 nos
1602 2711 1780 2761 habere

199 2788 548 2845 arbitrabimur,
599 2788 638 2835 si
685 2802 771 2837 vos
821 2789 1121 2837 habebimuS.
1193 2789 1444 2840 Praeclare
1498 2792 1780 2853 viceramus,
