2040 3048
135 138 204 191 Ep.
232 126 321 195 55.]
485 134 671 179 EPIST.
711 135 792 175 AD
828 134 1106 176 ArrrcvM
1146 136 1271 175 vm.
1312 141 1360 193 9.
1611 140 1706 195 ¹39

130 265 241 314 belli
277 263 438 322 fuisse,
468 262 555 311 etsi
591 261 641 310 id
675 277 726 310 re
762 269 1071 325 perspectum
1108 270 1192 320 est,
1226 270 1388 310 tamen
1426 277 1486 309 eo
1523 263 1706 325 scripsi,

132 347 297 410 quoin
316 343 567 393 suadendo
587 342 695 406 plus
720 344 1016 392 auctoritatis
1041 343 1285 402 haberem,
1306 343 1577 407 eodemque
1604 359 1707 406 per·

132 431 259 486 tinet,
287 426 421 490 quod
454 440 651 474 causam
681 425 783 473 eius
808 426 979 488 probo,
1056 442 1099 473 2.
1139 425 1235 474 Sed
1260 425 1376 489 quid
1400 425 1520 473 haec
1545 425 1707 474 nunc?

131 511 314 559 utinam
347 507 527 570 aliquid
563 506 831 570 profectum
868 509 1023 555 esset!
1058 522 1119 555 ne
1156 522 1250 569 ego
1288 508 1403 555 istas
1443 507 1620 555 litteras
1658 507 1707 554 in

131 592 358 641 contione
399 589 584 637 recitari
621 587 780 645 velim,
819 588 858 636 si
899 588 1096 651 quidem
1134 589 1210 637 ille
1253 589 1357 651 ipse
1398 589 1460 637 ad
1500 588 1710 638 eundem

131 674 344 723 scribens
376 672 426 718 in
463 670 655 733 publico
688 670 945 733 proposuit
977 670 1234 733 epistolam
1273 671 1417 728 illam,
1441 671 1492 718 in
1517 687 1614 734 qua
1637 678 1711 719 est

134 760 143 780 ‘
164 770 252 818 pro
278 754 370 801 tuis
394 753 538 800 rebus
557 752 705 814 gestis
725 749 1064 814 amplissimis!
1136 752 1530 816 Amplioribusne
1563 768 1710 815 quam

130 836 240 892 suis,
284 849 431 898 quam
477 832 730 882 Africani?
806 832 881 880 Ita
927 840 1120 896 tempus
1166 833 1376 892 ferebat3
1427 835 1468 881 si
1514 833 1710 896 quidem

131 917 274 966 etiam
311 931 397 964 vos
440 914 538 964 duo
574 915 693 963 tales
729 914 792 962 ad
828 915 1052 977 quintum
1087 915 1545 978 miliarium‚—quid
1581 931 1711 963 nunc

129 999 290 1061 ipsum
313 998 443 1046 unde
468 1013 520 1045 se
545 996 806 1059 recipienti,
826 996 944 1059 quid
967 998 1143 1059 agenti,
1162 998 1278 1061 quid
1301 998 1501 1046 acturo?
1529 1005 1710 1061 quanto

130 1088 293 1129 autem
331 1079 539 1128 ferocius
575 1079 651 1127 ille
690 1094 864 1127 causae
903 1093 1018 1126 suae
1057 1080 1283 1138 confidet,
1316 1095 1427 1128 cum
1464 1094 1564 1137 vo3,
1600 1094 1710 1127 cum

131 1161 274 1211 vestri
300 1162 477 1209 similes
504 1177 605 1210 non
629 1161 781 1209 modo
805 1160 1096 1223 frequentes,
1123 1162 1210 1210 sed
1238 1162 1365 1210 laeto
1388 1162 1519 1210 voltu
1551 1170 1711 1225 gratu-

132 1246 285 1293 lantes
309 1243 511 1291 viderit?
571 1243 735 1291 ‘Num
758 1244 900 1306 igitur
925 1259 1186 1306 peccamus
1204 1244 1243 1292 ?'
1270 1244 1469 1291 minime
1494 1259 1582 1292 vos
1607 1244 1711 1306 qui-

132 1326 244 1374 dem
262 1341 275 1384 ;
319 1325 406 1373 sed
441 1333 603 1373 tamen
641 1326 781 1387 signa
816 1326 1175 1384 conturbantur,
1212 1325 1386 1388 quibus
1428 1325 1648 1372 voluntas
1685 1341 1714 1371 a

132 1407 435 1455 simulatione
460 1407 686 1469 distingui
711 1414 890 1470 posset.
963 1405 1104 1466 Quae
1129 1422 1243 1455 vero
1269 1415 1465 1455 senatus
1491 1407 1713 1455 consulta

131 1490 306 1537 video?
343 1490 429 1537 sed
461 1491 683 1552 apertius,
711 1505 858 1553 quam
883 1505 1251 1554 proposueram.
1326 1505 1369 1551 3.
1405 1489 1516 1552 Ego
1541 1489 1713 1552 Arpini

134 1571 241 1619 volo
266 1586 372 1619 esse
397 1571 551 1634 pridie
577 1571 703 1630 Kal„
725 1571 900 1619 deinde
926 1571 1105 1618 circum
1125 1570 1306 1619 villulas
1331 1578 1520 1619 nostras
1539 1586 1712 1630 errare,

133 1667 252 1716 quas
277 1653 488 1700 visurum
512 1668 592 1701 me
616 1660 787 1716 postea
813 1653 1076 1715 desperavi.
1149 1639 1311 1714 Εὐγεὶιῆ
1336 1664 1419 1701 tua
1443 1653 1643 1700 consilia
1668 1661 1715 1701 et

132 1744 295 1783 tamen
320 1750 409 1798 pro
439 1736 741 1797 temporibus
773 1749 874 1782 non
907 1734 1099 1783 incauta
1130 1734 1248 1782 mihi
1273 1734 1410 1782 valde
1435 1736 1710 1797 probantur.

132 1816 321 1879 Lepido
359 1815 741 1878 quidem-nam
777 1815 876 1864 fere
913 1816 1307 1878 συνδιημερεύομεν,
1333 1816 1467 1878 quod
1501 1817 1714 1879 gratissi-

132 1914 267 1946 mum
313 1897 378 1944 illi
424 1906 836 1960 est—numquam
882 1897 1062 1959 placuit
1101 1912 1161 1945 ex
1201 1897 1340 1945 Italia
1382 1898 1527 1956 exire,
1569 1897 1714 1946 Tullo

134 1978 285 2026 multo
317 1979 504 2037 minus;
543 1980 712 2027 crebro
749 1979 878 2027 enim
914 1978 1036 2025 illius
1073 1978 1255 2026 litterae
1292 1980 1353 2026 ab
1390 1979 1491 2027 aliis
1528 1979 1590 2027 ad
1622 1994 1714 2027 nos

135 2069 424 2108 commeant.
498 2059 595 2108 Sed
650 2067 730 2109 me
786 2060 976 2108 illorum
1026 2061 1293 2108 sententiae
1342 2062 1502 2109 minus
1550 2076 1715 2109 move-

135 2144 277 2201 bant;
326 2143 486 2190 minus
528 2142 679 2190 multa
719 2142 953 2190 dederant
994 2142 1058 2189 illi
1099 2143 1167 2190 rei
1210 2143 1431 2205 publicae
1478 2143 1715 2206 pignora:

137 2233 216 2272 tua
262 2240 341 2272 me
392 2225 584 2272 hercule
631 2225 890 2274 auctoritas
950 2224 1260 2273 vehementer
1315 2234 1505 2285 movet;
1564 2226 1717 2274 adfert

137 2306 266 2354 enim
307 2313 355 2354 et
395 2307 562 2370 reliqui
598 2308 829 2370 temporis
864 2307 1182 2370 recuperandi
1217 2308 1455 2356 rationem
1492 2315 1540 2356 et
1576 2323 1711 2371 prae-

137 2389 286 2436 sentis
323 2389 499 2437 tuendi.
572 2388 683 2448 Sed,
709 2389 914 2438 obsecro
947 2397 1008 2448 te,
1033 2389 1151 2452 quid
1186 2388 1280 2437 hoc
1313 2389 1534 2437 miserius
1570 2405 1716 2453 quam

138 2469 336 2518 alterum
383 2471 578 2533 plausus
624 2472 674 2519 in
719 2471 1001 2520 foedissima
1043 2486 1189 2518 causa
1232 2486 1475 2533 quaerere,
1515 2471 1714 2519 alterum

138 2552 433 2600 offensiones
463 2554 511 2600 in
544 2554 761 2616 optima?
798 2554 998 2601 alterum
1033 2553 1294 2619 existimari
1328 2553 1715 2601 conservatorem

138 2633 457 2692 inimicorum,
483 2635 683 2683 alterum
709 2636 1005 2684 desertorem
1032 2635 1332 2682 amicorum?
1370 2643 1416 2682 et
1448 2635 1718 2684 mehercule

140 2717 358 2777 quamvis
407 2731 625 2765 amemus
673 2716 898 2766 Gnaeum
946 2725 1178 2775 nostrum,
1229 2724 1279 2763 ut
1326 2725 1372 2763 et
1421 2717 1621 2766 facimus
1674 2727 1720 2767 et

139 2797 385 2856 debemus,
429 2805 590 2845 tamen
638 2798 746 2858 hoc,
791 2799 923 2863 quod
969 2798 1139 2845 talibus
1187 2799 1296 2846 viris
1344 2813 1444 2847 non
1488 2801 1720 2860 subvenit,
