2040 3048
283 96 350 148 80
735 106 795 148 M.
840 105 1041 144 TULLII
1077 106 1388 144 CICERONIS
1657 94 1772 161 [Pars
1799 104 1852 145 ιι.

287 230 400 279 illud
440 231 635 294 quidem
678 237 805 278 certe
851 237 1069 277 nostrum
1110 229 1364 278 consilium
1409 229 1510 277 iure
1555 227 1851 277 laudandum

285 321 369 371 est,
418 312 499 375 qui
547 327 685 360 meos
732 311 858 359 cives
905 319 952 358 et
994 326 1023 358 a
1068 325 1147 358 me
1188 319 1498 359 conservatos
1545 319 1591 359 et
1631 324 1709 357 me
1758 324 1853 356 ser·

285 408 394 440 vare
442 393 706 455 cupienteS,
750 391 983 454 spoliatos
1031 392 1232 440 ducibus
1280 394 1427 440 servis
1476 392 1669 440 armatis
1711 390 1853 438 obiici

285 474 519 523 noluerim
544 474 868 537 declararique
893 473 1156 532 maluerim,
1182 482 1363 536 quanta
1386 476 1456 522 vis
1482 489 1587 523 esse
1619 472 1853 536 potuisset

284 556 333 602 in
358 569 597 603 consensu
622 556 880 614 bonorum,
907 555 947 603 si
979 555 1036 603 iis
1068 570 1158 618 pro
1190 570 1270 603 me
1304 563 1460 603 stante
1490 569 1707 618 pugnare
1739 553 1853 601 licu-

284 638 412 695 isset,
438 652 550 685 cum
575 637 821 685 adflictum
846 637 1052 685 excitare
1085 637 1355 699 potuissent
1370 653 1383 697 ;
1421 651 1629 700 quorum
1658 634 1852 698 quidem

285 719 500 766 animum
525 726 576 766 tu
600 733 701 767 non
725 719 1009 782 perspexisti
1034 718 1202 777 solum,
1231 734 1342 767 cum
1367 719 1427 768 de
1456 734 1535 766 me
1560 733 1743 781 ageres,
1769 717 1854 764 sed

285 803 430 850 etiam
472 802 766 850 confirmasti
805 810 948 864 atque
995 801 1199 849 tenuisti.
1279 817 1350 861 14.
1391 801 1504 861 Qua
1550 802 1600 848 in
1641 815 1855 848 causa-—

285 900 385 933 non
409 885 559 933 modo
583 900 684 933 non
709 885 915 948 negabo,
943 885 1030 932 sed
1054 886 1198 932 etiam
1223 900 1414 948 semper
1438 893 1485 934 et
1516 885 1782 933 meminero
1806 892 1853 933 et

285 966 576 1028 praedicabo
601 966 985 1013 libenter—usus
1019 981 1070 1013 es
1103 965 1392 1028 quibusdam
1425 966 1734 1014 nobilissimis
1765 966 1852 1014 ho-

284 1046 496 1093 minibus
529 1046 802 1095 fortioribus
826 1046 875 1094 in
899 1062 978 1094 me
1002 1047 1311 1104 restituendo,
1337 1062 1484 1110 quam
1516 1047 1703 1095 fuerant
1724 1046 1853 1094 idem

284 1128 333 1174 in
361 1127 572 1176 tenendo
591 1145 604 1187 ;
642 1144 738 1191 qua
770 1129 818 1176 in
843 1128 1081 1176 sententia
1105 1128 1144 1176 si
1168 1136 1390 1177 constare
1415 1129 1690 1187 voluissent,
1716 1143 1852 1176 suam

283 1209 615 1257 auctoritatem
652 1209 792 1257 simul
828 1225 938 1258 cum
975 1209 1128 1258 salute
1163 1224 1273 1258 mea
1308 1218 1686 1273 recuperassent.
1756 1210 1853 1258 Re-

285 1292 456 1340 creatis
493 1293 622 1339 enim
657 1292 801 1340 bonis
836 1292 946 1340 viris
981 1291 1234 1340 consulatu
1266 1301 1349 1340 tuo
1374 1301 1423 1341 et
1456 1293 1853 1342 constantissimis

284 1381 427 1437 atque
452 1375 648 1436 optimis
673 1374 942 1421 actionibus
966 1374 1058 1422 tuis
1083 1373 1310 1432 excitatis,
1339 1373 1429 1422 Cn.
1457 1374 1692 1437 Pompeio
1718 1391 1853 1437 prae-

283 1457 445 1504 sertim
493 1456 555 1504 ad
603 1471 800 1505 causam
848 1456 1087 1514 adiunct0,
1137 1470 1248 1504 cum
1295 1456 1438 1504 etiam
1486 1456 1665 1506 Caesar
1711 1459 1854 1506 rebus

282 1538 506 1585 maximis
530 1538 679 1600 gestis
705 1538 1023 1600 singularibus
1048 1546 1245 1585 ornatus
1271 1546 1317 1585 et
1346 1538 1483 1586 novis
1507 1538 1774 1587 honoribus
1796 1555 1853 1587 ac

284 1618 470 1667 iudiciis
496 1627 692 1668 senatus
717 1619 779 1667 ad
804 1619 1138 1667 auctoritatem
1170 1619 1272 1666 eius
1296 1619 1477 1667 ordinis
1502 1620 1852 1682 adiungeretur,

282 1700 397 1748 nulli
421 1701 645 1763 improbo
671 1701 760 1749 civi
790 1700 928 1749 locus
951 1700 1014 1748 ad
1042 1716 1144 1748 rem
1176 1700 1419 1763 publicam
1448 1701 1723 1749 violandam
1748 1717 1854 1750 esse

282 1782 532 1845 potuisset.
609 1794 683 1843 15.
724 1782 821 1831 Sed
867 1783 1075 1841 attende,
1124 1797 1322 1845 quaeSO,
1371 1798 1495 1845 quae
1542 1782 1637 1830 sint
1682 1798 1852 1831 conse-

283 1872 420 1913 cuta:
457 1864 667 1928 primum
704 1865 783 1912 illa
818 1864 938 1912 furia
972 1863 1274 1912 muliebrium
1309 1863 1610 1926 religionum,
1641 1865 1724 1927 qui
1753 1880 1855 1913 non

282 1946 428 2008 pluris
462 1946 639 1995 fecerat
672 1946 863 1994 Bonam
890 1947 1031 1994 deam
1065 1960 1212 2008 quam
1245 1953 1339 1994 tres
1365 1961 1572 2004 sorores,
1597 1946 1854 2009 impunita-

282 2036 379 2075 tem
404 2037 477 2076 est
502 2028 691 2074 illorum
725 2027 973 2075 sententiis
997 2027 1267 2086 adsecutus,
1293 2027 1389 2089 qui,
1414 2042 1526 2075 cum
1549 2028 1768 2075 tribunus
1791 2029 1853 2090 pl.

281 2123 466 2172 poenas
492 2124 521 2156 a
547 2109 778 2156 seditioso
817 2109 905 2156 civi
942 2124 1028 2170 per
1059 2109 1219 2155 bonos
1256 2109 1383 2156 viros
1421 2109 1597 2157 iudicio
1630 2111 1853 2172 persequi

281 2190 431 2250 vellet,
459 2190 738 2252 exemplum
774 2189 1206 2252 praeclarissimum
1243 2190 1292 2236 in
1328 2198 1575 2252 posterum
1611 2191 1851 2238 vindican-

282 2272 372 2319 dae
399 2271 647 2320 seditionis
681 2271 742 2319 de
774 2287 824 2319 re
857 2271 1051 2333 publica
1082 2269 1399 2329 sustulerunt3
1437 2270 1660 2333 idemque
1685 2280 1855 2333 postea

281 2369 380 2402 non
428 2369 593 2401 meum
639 2361 1217 2400 monumentum—non
1263 2352 1393 2398 enim
1441 2352 1547 2399 illae
1600 2354 1855 2403 manubiae

283 2451 434 2493 meae,
484 2436 570 2483 sed
618 2436 780 2497 operis
828 2434 1004 2482 locatio
1053 2447 1163 2480 mea
1210 2432 1444 2491 fuerat-——‚
1485 2442 1854 2482 monumentum

282 2531 395 2564 vero
433 2524 627 2564 senatus
669 2515 830 2564 hostili
871 2515 1070 2562 nomine
1109 2522 1157 2562 et
1197 2513 1405 2561 cruentis
1447 2515 1659 2562 inustum
1693 2514 1855 2565 litteris

283 2613 388 2645 esse
431 2597 559 2659 passi
609 2604 733 2644 sunt.
806 2595 905 2655 Qui
951 2610 1030 2642 me
1076 2594 1299 2642 homines
1347 2595 1481 2658 quod
1519 2594 1703 2643 salvum
1747 2612 1855 2645 esse

285 2680 550 2738 voluerunt,
578 2687 650 2727 est
687 2679 804 2726 mihi
841 2678 1196 2740 gratissimum;
1236 2676 1320 2724 sed
1357 2677 1527 2724 vellem
1562 2692 1663 2725 non
1699 2678 1853 2726 solum

284 2762 446 2810 salutis
485 2776 637 2818 meae,
684 2775 829 2824 quem
872 2759 933 2806 ad
971 2759 1174 2808 modum
1210 2758 1400 2817 medici,
1437 2758 1534 2818 sed,
1574 2766 1638 2806 ut*
1667 2758 1853 2821 aliptae,

2036 1475 2040 1482 .
2031 1268 2040 1411 ...μ-ι--.-
2029 1137 2040 1242 ,ιᾱι-ι
2031 975 2040 1117 —04-4...

2020 2540 2040 2554 4,
2020 2281 2040 2519 fild—*eruum

2029 2891 2040 2929 -ae—
2018 2833 2040 2872 ¹>²12¹
2020 2760 2022 2764 Ἴ
