<?xml version="1.0" encoding="UTF-8"?>
<!DOCTYPE html PUBLIC "-//W3C//DTD XHTML 1.0 Transitional//EN"
    "http://www.w3.org/TR/xhtml1/DTD/xhtml1-transitional.dtd">
<html xmlns="http://www.w3.org/1999/xhtml" xml:lang="en" lang="en">
 <head>
  <title>
</title>
<meta http-equiv="Content-Type" content="text/html;charset=utf-8" />
  <meta name='ocr-system' content='tesseract 3.04.00' />
  <meta name='ocr-capabilities' content='ocr_page ocr_carea ocr_par ocr_line ocrx_word'/>
</head>
<body>
  <div class='ocr_page' id='page_1' title='image "./epistolaeselecta00ciceuoft_0265.png"; bbox 0 0 2040 3048; ppageno 0'>
   <div class='ocr_carea' id='block_1_1' title="bbox 190 108 1765 177">
    <p class='ocr_par' dir='ltr' id='par_1_1' title="bbox 190 108 1765 177">
     <span class='ocr_line' id='line_1_1' title="bbox 190 108 1765 177; baseline 0.001 -18"><span class='ocrx_word' id='word_1_1' title='bbox 190 121 256 172; x_wconf 72' lang='lat' dir='ltr'><strong>Ep.</strong></span> <span class='ocrx_word' id='word_1_2' title='bbox 280 129 372 172; x_wconf 63' lang='grc' dir='ltr'><strong>ιη,</strong></span> <span class='ocrx_word' id='word_1_3' title='bbox 396 108 512 177; x_wconf 76' lang='lat'>124]</span> <span class='ocrx_word' id='word_1_4' title='bbox 567 119 751 162; x_wconf 80' lang='lat' dir='ltr'><em>EPIST.</em></span> <span class='ocrx_word' id='word_1_5' title='bbox 780 119 864 158; x_wconf 82' lang='lat' dir='ltr'><strong>AD</strong></span> <span class='ocrx_word' id='word_1_6' title='bbox 887 119 1263 159; x_wconf 76' lang='lat' dir='ltr'><em>FAMILIARES</em></span> <span class='ocrx_word' id='word_1_7' title='bbox 1291 121 1394 160; x_wconf 78' lang='grc' dir='ltr'><strong>ΧΠ.</strong></span> <span class='ocrx_word' id='word_1_8' title='bbox 1429 124 1510 163; x_wconf 84' lang='lat'><strong>22.</strong></span> <span class='ocrx_word' id='word_1_9' title='bbox 1661 122 1765 174; x_wconf 86' lang='lat'><strong>249</strong></span> 
     </span>
    </p>
   </div>
   <div class='ocr_carea' id='block_1_2' title="bbox 183 242 1766 719">
    <p class='ocr_par' dir='ltr' id='par_1_2' title="bbox 183 242 1766 719">
     <span class='ocr_line' id='line_1_2' title="bbox 187 242 1763 308; baseline -0.003 -15"><span class='ocrx_word' id='word_1_10' title='bbox 187 245 357 304; x_wconf 88' lang='lat' dir='ltr'><strong>officia,</strong></span> <span class='ocrx_word' id='word_1_11' title='bbox 384 245 553 305; x_wconf 91' lang='lat' dir='ltr'><strong>studia,</strong></span> <span class='ocrx_word' id='word_1_12' title='bbox 580 258 732 303; x_wconf 82' lang='lat' dir='ltr'><strong>curaS,</strong></span> <span class='ocrx_word' id='word_1_13' title='bbox 759 243 1077 306; x_wconf 88' lang='lat' dir='ltr'><strong>cogitationes</strong></span> <span class='ocrx_word' id='word_1_14' title='bbox 1109 244 1351 308; x_wconf 81' lang='lat' dir='ltr'><strong>pollicear,</strong></span> <span class='ocrx_word' id='word_1_15' title='bbox 1380 258 1504 308; x_wconf 87' lang='lat' dir='ltr'><strong>quae</strong></span> <span class='ocrx_word' id='word_1_16' title='bbox 1535 242 1598 291; x_wconf 88' lang='lat' dir='ltr'><strong>ad</strong></span> <span class='ocrx_word' id='word_1_17' title='bbox 1630 250 1763 290; x_wconf 83' lang='lat' dir='ltr'><strong>tuam</strong></span> 
     </span>
     <span class='ocr_line' id='line_1_3' title="bbox 185 325 1764 390; baseline -0.002 -16"><span class='ocrx_word' id='word_1_18' title='bbox 185 327 375 375; x_wconf 90' lang='lat' dir='ltr'><strong>laudem</strong></span> <span class='ocrx_word' id='word_1_19' title='bbox 418 335 466 377; x_wconf 91' lang='lat' dir='ltr'><strong>et</strong></span> <span class='ocrx_word' id='word_1_20' title='bbox 512 327 716 390; x_wconf 88' lang='lat' dir='ltr'>gloriam</span> <span class='ocrx_word' id='word_1_21' title='bbox 764 326 1084 389; x_wconf 90' lang='lat' dir='ltr'><strong>pertinebunt.</strong></span> <span class='ocrx_word' id='word_1_22' title='bbox 1157 325 1320 386; x_wconf 88' lang='lat' dir='ltr'><strong>Quam</strong></span> <span class='ocrx_word' id='word_1_23' title='bbox 1364 328 1429 375; x_wconf 93' lang='lat' dir='ltr'><strong>ob</strong></span> <span class='ocrx_word' id='word_1_24' title='bbox 1477 341 1580 374; x_wconf 91' lang='lat' dir='ltr'><strong>rem</strong></span> <span class='ocrx_word' id='word_1_25' title='bbox 1623 325 1764 373; x_wconf 88' lang='lat' dir='ltr'><strong>velim</strong></span> 
     </span>
     <span class='ocr_line' id='line_1_4' title="bbox 184 409 1765 473; baseline -0.001 -17"><span class='ocrx_word' id='word_1_26' title='bbox 184 409 269 456; x_wconf 90' lang='lat' dir='ltr'><strong>tibi</strong></span> <span class='ocrx_word' id='word_1_27' title='bbox 310 410 375 458; x_wconf 86' lang='lat' dir='ltr'><strong>ita</strong></span> <span class='ocrx_word' id='word_1_28' title='bbox 417 409 724 473; x_wconf 82' lang='lat' dir='ltr'><strong>persuadeaS‚</strong></span> <span class='ocrx_word' id='word_1_29' title='bbox 766 423 846 456; x_wconf 90' lang='lat' dir='ltr'><strong>me</strong></span> <span class='ocrx_word' id='word_1_30' title='bbox 895 423 1006 456; x_wconf 92' lang='lat' dir='ltr'><strong>cum</strong></span> <span class='ocrx_word' id='word_1_31' title='bbox 1056 409 1121 456; x_wconf 92' lang='lat' dir='ltr'><strong>rei</strong></span> <span class='ocrx_word' id='word_1_32' title='bbox 1169 409 1390 472; x_wconf 90' lang='lat' dir='ltr'><strong>publicae</strong></span> <span class='ocrx_word' id='word_1_33' title='bbox 1433 423 1594 466; x_wconf 90' lang='lat' dir='ltr'><strong>causa,</strong></span> <span class='ocrx_word' id='word_1_34' title='bbox 1639 422 1765 470; x_wconf 89' lang='lat' dir='ltr'><strong>quae</strong></span> 
     </span>
     <span class='ocr_line' id='line_1_5' title="bbox 184 489 1764 554; baseline -0.001 -15"><span class='ocrx_word' id='word_1_35' title='bbox 184 491 300 539; x_wconf 91' lang='lat' dir='ltr'><strong>mihi</strong></span> <span class='ocrx_word' id='word_1_36' title='bbox 343 492 437 540; x_wconf 90' lang='lat' dir='ltr'><strong>vita</strong></span> <span class='ocrx_word' id='word_1_37' title='bbox 483 507 593 540; x_wconf 90' lang='lat' dir='ltr'><strong>mea</strong></span> <span class='ocrx_word' id='word_1_38' title='bbox 640 498 712 539; x_wconf 90' lang='lat' dir='ltr'><strong>est</strong></span> <span class='ocrx_word' id='word_1_39' title='bbox 760 492 929 549; x_wconf 91' lang='lat' dir='ltr'><strong>carior,</strong></span> <span class='ocrx_word' id='word_1_40' title='bbox 972 499 1075 539; x_wconf 91' lang='lat' dir='ltr'><strong>tum</strong></span> <span class='ocrx_word' id='word_1_41' title='bbox 1122 491 1257 554; x_wconf 91' lang='lat' dir='ltr'><strong>quod</strong></span> <span class='ocrx_word' id='word_1_42' title='bbox 1304 492 1387 539; x_wconf 93' lang='lat' dir='ltr'><strong>tibi</strong></span> <span class='ocrx_word' id='word_1_43' title='bbox 1437 491 1530 554; x_wconf 91' lang='lat' dir='ltr'><strong>ipsi</strong></span> <span class='ocrx_word' id='word_1_44' title='bbox 1578 489 1764 537; x_wconf 85' lang='lat' dir='ltr'><strong>faveam</strong></span> 
     </span>
     <span class='ocr_line' id='line_1_6' title="bbox 183 573 1766 637; baseline -0.001 -17"><span class='ocrx_word' id='word_1_45' title='bbox 183 581 412 637; x_wconf 90' lang='lat' dir='ltr'><strong>tuamque</strong></span> <span class='ocrx_word' id='word_1_46' title='bbox 455 574 736 636; x_wconf 90' lang='lat' dir='ltr'><strong>dignitatem</strong></span> <span class='ocrx_word' id='word_1_47' title='bbox 775 573 1054 636; x_wconf 88' lang='lat' dir='ltr'><strong>amplificari</strong></span> <span class='ocrx_word' id='word_1_48' title='bbox 1089 573 1246 632; x_wconf 87' lang='lat' dir='ltr'><strong>velim,</strong></span> <span class='ocrx_word' id='word_1_49' title='bbox 1283 575 1377 621; x_wconf 91' lang='lat' dir='ltr'><strong>tuis</strong></span> <span class='ocrx_word' id='word_1_50' title='bbox 1414 573 1610 636; x_wconf 91' lang='lat' dir='ltr'><strong>optimis</strong></span> <span class='ocrx_word' id='word_1_51' title='bbox 1647 586 1766 620; x_wconf 58' lang='lat' dir='ltr'><strong>con-</strong></span> 
     </span>
     <span class='ocr_line' id='line_1_7' title="bbox 183 655 1467 719; baseline 0.002 -17"><span class='ocrx_word' id='word_1_52' title='bbox 183 655 310 716; x_wconf 86' lang='lat' dir='ltr'><strong>siliis,</strong></span> <span class='ocrx_word' id='word_1_53' title='bbox 336 655 651 719; x_wconf 87' lang='lat' dir='ltr'><strong>amplitudini,</strong></span> <span class='ocrx_word' id='word_1_54' title='bbox 677 656 858 718; x_wconf 92' lang='lat' dir='ltr'><strong>gloriae</strong></span> <span class='ocrx_word' id='word_1_55' title='bbox 883 656 1015 703; x_wconf 93' lang='lat' dir='ltr'><strong>nullo</strong></span> <span class='ocrx_word' id='word_1_56' title='bbox 1040 656 1151 704; x_wconf 89' lang='lat' dir='ltr'><strong>loco</strong></span> <span class='ocrx_word' id='word_1_57' title='bbox 1178 655 1467 705; x_wconf 88' lang='lat' dir='ltr'><strong>defuturum.</strong></span> 
     </span>
    </p>
   </div>
   <div class='ocr_carea' id='block_1_3' title="bbox 472 786 1473 836">
    <p class='ocr_par' dir='ltr' id='par_1_3' title="bbox 472 786 1473 836">
     <span class='ocr_line' id='line_1_8' title="bbox 472 786 1473 836; baseline -0.001 0"><span class='ocrx_word' id='word_1_58' title='bbox 472 791 581 836; x_wconf 88' lang='lat'><strong>124.</strong></span> <span class='ocrx_word' id='word_1_59' title='bbox 650 787 746 835; x_wconf 93' lang='lat' dir='ltr'><strong>AD</strong></span> <span class='ocrx_word' id='word_1_60' title='bbox 783 786 1205 835; x_wconf 90' lang='lat' dir='ltr'>FAMILIARES</span> <span class='ocrx_word' id='word_1_61' title='bbox 1242 787 1358 836; x_wconf 93' lang='lat' dir='ltr'>XII.</span> <span class='ocrx_word' id='word_1_62' title='bbox 1400 803 1473 836; x_wconf 87' lang='lat'><strong>22.</strong></span> 
     </span>
    </p>
   </div>
   <div class='ocr_carea' id='block_1_4' title="bbox 277 884 1679 1024">
    <p class='ocr_par' dir='ltr' id='par_1_4' title="bbox 277 884 1679 1024">
     <span class='ocr_line' id='line_1_9' title="bbox 277 884 1679 946; baseline -0.002 -11"><span class='ocrx_word' id='word_1_63' title='bbox 277 885 387 937; x_wconf 71' lang='lat' dir='ltr'><strong>Scn.</strong></span> <span class='ocrx_word' id='word_1_64' title='bbox 426 884 606 934; x_wconf 79' lang='lat' dir='ltr'>ROMAE</span> <span class='ocrx_word' id='word_1_65' title='bbox 642 900 866 934; x_wconf 83' lang='lat' dir='ltr'>EXEUNTE</span> <span class='ocrx_word' id='word_1_66' title='bbox 902 899 1057 933; x_wconf 80' lang='lat' dir='ltr'>MENSE</span> <span class='ocrx_word' id='word_1_67' title='bbox 1093 884 1353 933; x_wconf 85' lang='lat' dir='ltr'><strong>DECEMBRI</strong></span> <span class='ocrx_word' id='word_1_68' title='bbox 1389 899 1528 934; x_wconf 75' lang='lat' dir='ltr'><strong>A.u.0.</strong></span> <span class='ocrx_word' id='word_1_69' title='bbox 1568 895 1679 946; x_wconf 90' lang='lat'><strong>710.</strong></span> 
     </span>
     <span class='ocr_line' id='line_1_10' title="bbox 663 988 1279 1024; baseline -0.003 -1"><span class='ocrx_word' id='word_1_70' title='bbox 663 989 834 1024; x_wconf 86' lang='lat' dir='ltr'><strong>CICERO</strong></span> <span class='ocrx_word' id='word_1_71' title='bbox 870 988 1142 1023; x_wconf 71' lang='lat' dir='ltr'><strong>comunem</strong></span> <span class='ocrx_word' id='word_1_72' title='bbox 1177 988 1279 1022; x_wconf 86' lang='lat' dir='ltr'><strong>SAL.</strong></span> 
     </span>
    </p>
   </div>
   <div class='ocr_carea' id='block_1_5' title="bbox 178 1069 1766 2854">
    <p class='ocr_par' dir='ltr' id='par_1_5' title="bbox 178 1069 1766 2854">
     <span class='ocr_line' id='line_1_11' title="bbox 254 1069 1764 1133; baseline -0.003 -13"><span class='ocrx_word' id='word_1_73' title='bbox 254 1087 294 1120; x_wconf 90' lang='lat'><strong>1.</strong></span> <span class='ocrx_word' id='word_1_74' title='bbox 333 1070 438 1121; x_wconf 90' lang='lat' dir='ltr'><strong>Nos</strong></span> <span class='ocrx_word' id='word_1_75' title='bbox 484 1071 564 1120; x_wconf 90' lang='lat' dir='ltr'><strong>hic</strong></span> <span class='ocrx_word' id='word_1_76' title='bbox 606 1085 719 1119; x_wconf 91' lang='lat' dir='ltr'><strong>cum</strong></span> <span class='ocrx_word' id='word_1_77' title='bbox 761 1070 960 1118; x_wconf 90' lang='lat' dir='ltr'><strong>homine</strong></span> <span class='ocrx_word' id='word_1_78' title='bbox 1003 1070 1269 1133; x_wconf 85' lang='lat' dir='ltr'><strong>gladiatore</strong></span> <span class='ocrx_word' id='word_1_79' title='bbox 1308 1069 1530 1117; x_wconf 91' lang='lat' dir='ltr'><strong>omnium</strong></span> <span class='ocrx_word' id='word_1_80' title='bbox 1568 1069 1764 1133; x_wconf 90' lang='lat' dir='ltr'><strong>nequis-</strong></span> 
     </span>
     <span class='ocr_line' id='line_1_12' title="bbox 181 1151 1762 1216; baseline -0.002 -14"><span class='ocrx_word' id='word_1_81' title='bbox 181 1155 321 1214; x_wconf 89' lang='lat' dir='ltr'><strong>simo,</strong></span> <span class='ocrx_word' id='word_1_82' title='bbox 356 1154 543 1216; x_wconf 88' lang='lat' dir='ltr'><strong>collega</strong></span> <span class='ocrx_word' id='word_1_83' title='bbox 578 1162 759 1211; x_wconf 90' lang='lat' dir='ltr'><strong>nostr0,</strong></span> <span class='ocrx_word' id='word_1_84' title='bbox 790 1153 1023 1211; x_wconf 90' lang='lat' dir='ltr'><strong>Antonio,</strong></span> <span class='ocrx_word' id='word_1_85' title='bbox 1058 1152 1238 1200; x_wconf 91' lang='lat' dir='ltr'><strong>bellum</strong></span> <span class='ocrx_word' id='word_1_86' title='bbox 1274 1152 1502 1215; x_wconf 86' lang='lat' dir='ltr'><strong>gerimus,</strong></span> <span class='ocrx_word' id='word_1_87' title='bbox 1539 1151 1626 1199; x_wconf 88' lang='lat' dir='ltr'><strong>sed</strong></span> <span class='ocrx_word' id='word_1_88' title='bbox 1661 1166 1762 1199; x_wconf 90' lang='lat' dir='ltr'><strong>non</strong></span> 
     </span>
     <span class='ocr_line' id='line_1_13' title="bbox 178 1233 1763 1301; baseline -0.003 -16"><span class='ocrx_word' id='word_1_89' title='bbox 178 1238 283 1301; x_wconf 88' lang='lat' dir='ltr'><strong>pari</strong></span> <span class='ocrx_word' id='word_1_90' title='bbox 329 1237 635 1295; x_wconf 90' lang='lat' dir='ltr'><strong>condicione,</strong></span> <span class='ocrx_word' id='word_1_91' title='bbox 673 1243 842 1284; x_wconf 90' lang='lat' dir='ltr'><strong>contra</strong></span> <span class='ocrx_word' id='word_1_92' title='bbox 889 1250 1024 1284; x_wconf 91' lang='lat' dir='ltr'><strong>arma</strong></span> <span class='ocrx_word' id='word_1_93' title='bbox 1064 1236 1234 1288; x_wconf 87' lang='lat' dir='ltr'><strong>verbis.</strong></span> <span class='ocrx_word' id='word_1_94' title='bbox 1308 1235 1373 1283; x_wconf 92' lang='lat' dir='ltr'><strong>At</strong></span> <span class='ocrx_word' id='word_1_95' title='bbox 1421 1235 1566 1282; x_wconf 86' lang='lat' dir='ltr'><strong>etiam</strong></span> <span class='ocrx_word' id='word_1_96' title='bbox 1609 1233 1669 1282; x_wconf 95' lang='lat' dir='ltr'><strong>de</strong></span> <span class='ocrx_word' id='word_1_97' title='bbox 1715 1241 1763 1281; x_wconf 86' lang='lat' dir='ltr'><strong>te</strong></span> 
     </span>
     <span class='ocr_line' id='line_1_14' title="bbox 181 1317 1761 1381; baseline -0.003 -13"><span class='ocrx_word' id='word_1_98' title='bbox 181 1319 500 1378; x_wconf 85' lang='lat' dir='ltr'><strong>contionatur,</strong></span> <span class='ocrx_word' id='word_1_99' title='bbox 539 1334 630 1367; x_wconf 90' lang='lat' dir='ltr'><strong>nec</strong></span> <span class='ocrx_word' id='word_1_100' title='bbox 672 1319 898 1381; x_wconf 88' lang='lat' dir='ltr'><strong>impune;</strong></span> <span class='ocrx_word' id='word_1_101' title='bbox 941 1333 1057 1366; x_wconf 91' lang='lat' dir='ltr'><strong>nam</strong></span> <span class='ocrx_word' id='word_1_102' title='bbox 1099 1318 1284 1376; x_wconf 87' lang='lat' dir='ltr'><strong>sentiet,</strong></span> <span class='ocrx_word' id='word_1_103' title='bbox 1323 1332 1447 1381; x_wconf 93' lang='lat' dir='ltr'><strong>quos</strong></span> <span class='ocrx_word' id='word_1_104' title='bbox 1485 1317 1761 1365; x_wconf 88' lang='lat' dir='ltr'><strong>lacessierit.</strong></span> 
     </span>
     <span class='ocr_line' id='line_1_15' title="bbox 180 1395 1762 1461; baseline -0.003 -15"><span class='ocrx_word' id='word_1_105' title='bbox 180 1397 291 1461; x_wconf 92' lang='lat' dir='ltr'><strong>Ego</strong></span> <span class='ocrx_word' id='word_1_106' title='bbox 323 1406 486 1446; x_wconf 89' lang='lat' dir='ltr'><strong>autem</strong></span> <span class='ocrx_word' id='word_1_107' title='bbox 519 1405 627 1446; x_wconf 89' lang='lat' dir='ltr'><strong>acta</strong></span> <span class='ocrx_word' id='word_1_108' title='bbox 659 1397 722 1444; x_wconf 88' lang='lat' dir='ltr'><strong>ad</strong></span> <span class='ocrx_word' id='word_1_109' title='bbox 758 1404 804 1444; x_wconf 92' lang='lat' dir='ltr'><strong>te</strong></span> <span class='ocrx_word' id='word_1_110' title='bbox 837 1397 1004 1444; x_wconf 92' lang='lat' dir='ltr'><strong>omnia</strong></span> <span class='ocrx_word' id='word_1_111' title='bbox 1036 1397 1239 1444; x_wconf 89' lang='lat' dir='ltr'><strong>arbitror</strong></span> <span class='ocrx_word' id='word_1_112' title='bbox 1272 1396 1503 1459; x_wconf 88' lang='lat' dir='ltr'><strong>perscribi</strong></span> <span class='ocrx_word' id='word_1_113' title='bbox 1538 1397 1600 1443; x_wconf 91' lang='lat' dir='ltr'><strong>ab</strong></span> <span class='ocrx_word' id='word_1_114' title='bbox 1629 1395 1731 1443; x_wconf 88' lang='lat' dir='ltr'><strong>aliis</strong></span> <span class='ocrx_word' id='word_1_115' title='bbox 1749 1412 1762 1456; x_wconf 87' lang='lat'>;</span> 
     </span>
     <span class='ocr_line' id='line_1_16' title="bbox 181 1475 1765 1539; baseline -0.002 -14"><span class='ocrx_word' id='word_1_116' title='bbox 181 1494 209 1525; x_wconf 94' lang='lat' dir='ltr'><strong>a</strong></span> <span class='ocrx_word' id='word_1_117' title='bbox 242 1492 323 1525; x_wconf 92' lang='lat' dir='ltr'><strong>me</strong></span> <span class='ocrx_word' id='word_1_118' title='bbox 358 1476 516 1524; x_wconf 90' lang='lat' dir='ltr'><strong>futura</strong></span> <span class='ocrx_word' id='word_1_119' title='bbox 551 1476 700 1524; x_wconf 89' lang='lat' dir='ltr'><strong>debes</strong></span> <span class='ocrx_word' id='word_1_120' title='bbox 736 1491 1050 1538; x_wconf 91' lang='lat' dir='ltr'><strong>cognoscere,</strong></span> <span class='ocrx_word' id='word_1_121' title='bbox 1078 1490 1287 1539; x_wconf 91' lang='lat' dir='ltr'><strong>quorum</strong></span> <span class='ocrx_word' id='word_1_122' title='bbox 1325 1475 1523 1538; x_wconf 90' lang='lat' dir='ltr'><strong>quidem</strong></span> <span class='ocrx_word' id='word_1_123' title='bbox 1560 1490 1663 1523; x_wconf 90' lang='lat' dir='ltr'><strong>non</strong></span> <span class='ocrx_word' id='word_1_124' title='bbox 1693 1484 1765 1522; x_wconf 93' lang='lat' dir='ltr'><strong>est</strong></span> 
     </span>
     <span class='ocr_line' id='line_1_17' title="bbox 181 1558 1765 1622; baseline -0.002 -14"><span class='ocrx_word' id='word_1_125' title='bbox 181 1559 384 1608; x_wconf 90' lang='lat' dir='ltr'><strong>difficilis</strong></span> <span class='ocrx_word' id='word_1_126' title='bbox 418 1559 721 1608; x_wconf 87' lang='lat' dir='ltr'><strong>coniectura:</strong></span> <span class='ocrx_word' id='word_1_127' title='bbox 779 1575 820 1608; x_wconf 89' lang='lat'><strong>2.</strong></span> <span class='ocrx_word' id='word_1_128' title='bbox 856 1573 1094 1622; x_wconf 90' lang='lat' dir='ltr'><strong>oppressa</strong></span> <span class='ocrx_word' id='word_1_129' title='bbox 1122 1560 1289 1606; x_wconf 92' lang='lat' dir='ltr'><strong>omnia</strong></span> <span class='ocrx_word' id='word_1_130' title='bbox 1318 1567 1442 1617; x_wconf 91' lang='lat' dir='ltr'><strong>sunt,</strong></span> <span class='ocrx_word' id='word_1_131' title='bbox 1468 1573 1559 1606; x_wconf 90' lang='lat' dir='ltr'><strong>nec</strong></span> <span class='ocrx_word' id='word_1_132' title='bbox 1584 1558 1765 1605; x_wconf 89' lang='lat' dir='ltr'><strong>habent</strong></span> 
     </span>
     <span class='ocr_line' id='line_1_18' title="bbox 179 1641 1762 1705; baseline -0.001 -15"><span class='ocrx_word' id='word_1_133' title='bbox 179 1643 355 1690; x_wconf 88' lang='lat' dir='ltr'><strong>ducem</strong></span> <span class='ocrx_word' id='word_1_134' title='bbox 395 1642 527 1700; x_wconf 91' lang='lat' dir='ltr'><strong>boni,</strong></span> <span class='ocrx_word' id='word_1_135' title='bbox 565 1642 814 1704; x_wconf 90' lang='lat' dir='ltr'><strong>nostrique</strong></span> <span class='ocrx_word' id='word_1_136' title='bbox 856 1642 1196 1705; x_wconf 89' lang='lat' dir='ltr'><strong>tyrannoctoni</strong></span> <span class='ocrx_word' id='word_1_137' title='bbox 1234 1642 1380 1703; x_wconf 89' lang='lat' dir='ltr'><strong>longe</strong></span> <span class='ocrx_word' id='word_1_138' title='bbox 1423 1641 1640 1702; x_wconf 90' lang='lat' dir='ltr'><strong>gentium</strong></span> <span class='ocrx_word' id='word_1_139' title='bbox 1679 1642 1762 1689; x_wconf 88' lang='lat' dir='ltr'><strong>ab-</strong></span> 
     </span>
     <span class='ocr_line' id='line_1_19' title="bbox 181 1723 1764 1787; baseline 0 -15"><span class='ocrx_word' id='word_1_140' title='bbox 181 1733 307 1773; x_wconf 90' lang='lat' dir='ltr'><strong>sunt.</strong></span> <span class='ocrx_word' id='word_1_141' title='bbox 380 1723 539 1772; x_wconf 91' lang='lat' dir='ltr'><strong>Pansa</strong></span> <span class='ocrx_word' id='word_1_142' title='bbox 574 1732 622 1772; x_wconf 92' lang='lat' dir='ltr'><strong>et</strong></span> <span class='ocrx_word' id='word_1_143' title='bbox 658 1726 800 1773; x_wconf 89' lang='lat' dir='ltr'><strong>sentit</strong></span> <span class='ocrx_word' id='word_1_144' title='bbox 836 1725 962 1772; x_wconf 91' lang='lat' dir='ltr'><strong>bene</strong></span> <span class='ocrx_word' id='word_1_145' title='bbox 995 1732 1041 1772; x_wconf 94' lang='lat' dir='ltr'><strong>et</strong></span> <span class='ocrx_word' id='word_1_146' title='bbox 1077 1724 1289 1787; x_wconf 91' lang='lat' dir='ltr'><strong>loquitur</strong></span> <span class='ocrx_word' id='word_1_147' title='bbox 1312 1723 1537 1783; x_wconf 89' lang='lat' dir='ltr'><strong>·fortiter;</strong></span> <span class='ocrx_word' id='word_1_148' title='bbox 1576 1723 1764 1772; x_wconf 91' lang='lat' dir='ltr'><strong>Hirtius</strong></span> 
     </span>
     <span class='ocr_line' id='line_1_20' title="bbox 179 1805 1763 1870; baseline -0.001 -14"><span class='ocrx_word' id='word_1_149' title='bbox 179 1816 346 1856; x_wconf 92' lang='lat' dir='ltr'><strong>noster</strong></span> <span class='ocrx_word' id='word_1_150' title='bbox 403 1807 584 1855; x_wconf 89' lang='lat' dir='ltr'><strong>tardius</strong></span> <span class='ocrx_word' id='word_1_151' title='bbox 645 1807 950 1855; x_wconf 90' lang='lat' dir='ltr'><strong>convalescit.</strong></span> <span class='ocrx_word' id='word_1_152' title='bbox 1022 1806 1156 1866; x_wconf 90' lang='lat' dir='ltr'><strong>Quid</strong></span> <span class='ocrx_word' id='word_1_153' title='bbox 1215 1805 1428 1854; x_wconf 89' lang='lat' dir='ltr'><strong>futurum</strong></span> <span class='ocrx_word' id='word_1_154' title='bbox 1487 1806 1558 1865; x_wconf 91' lang='lat' dir='ltr'><strong>sit,</strong></span> <span class='ocrx_word' id='word_1_155' title='bbox 1620 1806 1763 1870; x_wconf 88' lang='lat' dir='ltr'><strong>plane</strong></span> 
     </span>
     <span class='ocr_line' id='line_1_21' title="bbox 180 1888 1763 1952; baseline -0.002 -14"><span class='ocrx_word' id='word_1_156' title='bbox 180 1891 373 1950; x_wconf 87' lang='lat' dir='ltr'><strong>nescio;</strong></span> <span class='ocrx_word' id='word_1_157' title='bbox 427 1904 540 1952; x_wconf 91' lang='lat' dir='ltr'><strong>spes</strong></span> <span class='ocrx_word' id='word_1_158' title='bbox 589 1897 754 1937; x_wconf 86' lang='lat' dir='ltr'><strong>tamen</strong></span> <span class='ocrx_word' id='word_1_159' title='bbox 794 1905 894 1937; x_wconf 92' lang='lat' dir='ltr'><strong>una</strong></span> <span class='ocrx_word' id='word_1_160' title='bbox 940 1897 1013 1937; x_wconf 91' lang='lat' dir='ltr'><strong>est</strong></span> <span class='ocrx_word' id='word_1_161' title='bbox 1061 1889 1321 1951; x_wconf 90' lang='lat' dir='ltr'><strong>aliquando</strong></span> <span class='ocrx_word' id='word_1_162' title='bbox 1373 1888 1611 1952; x_wconf 89' lang='lat' dir='ltr'><strong>populum</strong></span> <span class='ocrx_word' id='word_1_163' title='bbox 1660 1888 1763 1936; x_wconf 93' lang='lat' dir='ltr'><strong>Ro-</strong></span> 
     </span>
     <span class='ocr_line' id='line_1_22' title="bbox 180 1970 1764 2035; baseline -0.001 -15"><span class='ocrx_word' id='word_1_164' title='bbox 180 1988 381 2021; x_wconf 89' lang='lat' dir='ltr'><strong>manum</strong></span> <span class='ocrx_word' id='word_1_165' title='bbox 416 1972 654 2020; x_wconf 88' lang='lat' dir='ltr'><strong>maiorum</strong></span> <span class='ocrx_word' id='word_1_166' title='bbox 697 1972 902 2020; x_wconf 88' lang='lat' dir='ltr'><strong>similem</strong></span> <span class='ocrx_word' id='word_1_167' title='bbox 938 1972 1054 2021; x_wconf 93' lang='lat' dir='ltr'><strong>fore.</strong></span> <span class='ocrx_word' id='word_1_168' title='bbox 1126 1970 1237 2034; x_wconf 90' lang='lat' dir='ltr'><strong>Ego</strong></span> <span class='ocrx_word' id='word_1_169' title='bbox 1275 1979 1403 2020; x_wconf 89' lang='lat' dir='ltr'><strong>certe</strong></span> <span class='ocrx_word' id='word_1_170' title='bbox 1439 1972 1506 2019; x_wconf 90' lang='lat' dir='ltr'><strong>rei</strong></span> <span class='ocrx_word' id='word_1_171' title='bbox 1545 1971 1764 2035; x_wconf 90' lang='lat' dir='ltr'><strong>publicae</strong></span> 
     </span>
     <span class='ocr_line' id='line_1_23' title="bbox 179 2054 1764 2118; baseline -0.001 -15"><span class='ocrx_word' id='word_1_172' title='bbox 179 2070 281 2104; x_wconf 91' lang='lat' dir='ltr'><strong>non</strong></span> <span class='ocrx_word' id='word_1_173' title='bbox 314 2055 460 2102; x_wconf 91' lang='lat' dir='ltr'><strong>deero</strong></span> <span class='ocrx_word' id='word_1_174' title='bbox 492 2062 553 2113; x_wconf 93' lang='lat' dir='ltr'><strong>et,</strong></span> <span class='ocrx_word' id='word_1_175' title='bbox 579 2055 809 2117; x_wconf 90' lang='lat' dir='ltr'><strong>quicquid</strong></span> <span class='ocrx_word' id='word_1_176' title='bbox 846 2055 1082 2113; x_wconf 89' lang='lat' dir='ltr'><strong>acciderit,</strong></span> <span class='ocrx_word' id='word_1_177' title='bbox 1109 2071 1138 2103; x_wconf 93' lang='lat' dir='ltr'><strong>a</strong></span> <span class='ocrx_word' id='word_1_178' title='bbox 1174 2070 1273 2118; x_wconf 92' lang='lat' dir='ltr'><strong>quo</strong></span> <span class='ocrx_word' id='word_1_179' title='bbox 1307 2070 1416 2103; x_wconf 88' lang='lat' dir='ltr'><strong>mea</strong></span> <span class='ocrx_word' id='word_1_180' title='bbox 1453 2054 1594 2117; x_wconf 91' lang='lat' dir='ltr'><strong>culpa</strong></span> <span class='ocrx_word' id='word_1_181' title='bbox 1626 2055 1764 2114; x_wconf 93' lang='lat' dir='ltr'><strong>absit,</strong></span> 
     </span>
     <span class='ocr_line' id='line_1_24' title="bbox 180 2137 1764 2201; baseline 0 -16"><span class='ocrx_word' id='word_1_182' title='bbox 180 2139 344 2186; x_wconf 90' lang='lat' dir='ltr'><strong>animo</strong></span> <span class='ocrx_word' id='word_1_183' title='bbox 382 2137 491 2185; x_wconf 91' lang='lat' dir='ltr'><strong>forti</strong></span> <span class='ocrx_word' id='word_1_184' title='bbox 527 2137 708 2196; x_wconf 87' lang='lat' dir='ltr'><strong>feram;</strong></span> <span class='ocrx_word' id='word_1_185' title='bbox 753 2137 868 2185; x_wconf 91' lang='lat' dir='ltr'><strong>illud</strong></span> <span class='ocrx_word' id='word_1_186' title='bbox 903 2138 1140 2200; x_wconf 91' lang='lat' dir='ltr'><strong>profecto,</strong></span> <span class='ocrx_word' id='word_1_187' title='bbox 1181 2138 1345 2201; x_wconf 89' lang='lat' dir='ltr'><strong>quoad</strong></span> <span class='ocrx_word' id='word_1_188' title='bbox 1387 2146 1588 2200; x_wconf 86' lang='lat' dir='ltr'><strong>potero:</strong></span> <span class='ocrx_word' id='word_1_189' title='bbox 1633 2146 1764 2185; x_wconf 90' lang='lat' dir='ltr'><strong>tuam</strong></span> 
     </span>
     <span class='ocr_line' id='line_1_25' title="bbox 180 2215 1763 2278; baseline 0.001 -14"><span class='ocrx_word' id='word_1_190' title='bbox 180 2217 359 2265; x_wconf 90' lang='lat' dir='ltr'><strong>famam</strong></span> <span class='ocrx_word' id='word_1_191' title='bbox 412 2225 459 2264; x_wconf 91' lang='lat' dir='ltr'><strong>et</strong></span> <span class='ocrx_word' id='word_1_192' title='bbox 512 2216 792 2278; x_wconf 86' lang='lat' dir='ltr'><strong>dignitatem</strong></span> <span class='ocrx_word' id='word_1_193' title='bbox 846 2217 1034 2264; x_wconf 89' lang='lat' dir='ltr'><strong>tuebor.</strong></span> <span class='ocrx_word' id='word_1_194' title='bbox 1108 2232 1151 2278; x_wconf 87' lang='lat'><strong>3.</strong></span> <span class='ocrx_word' id='word_1_195' title='bbox 1190 2217 1249 2264; x_wconf 91' lang='lat' dir='ltr'><strong>A.</strong></span> <span class='ocrx_word' id='word_1_196' title='bbox 1299 2217 1344 2264; x_wconf 92' lang='lat' dir='ltr'><strong>d.</strong></span> <span class='ocrx_word' id='word_1_197' title='bbox 1394 2232 1493 2264; x_wconf 87' lang='lat' dir='ltr'><strong>xm.</strong></span> <span class='ocrx_word' id='word_1_198' title='bbox 1544 2215 1608 2265; x_wconf 87' lang='lat' dir='ltr'><strong>K.</strong></span> <span class='ocrx_word' id='word_1_199' title='bbox 1658 2217 1763 2265; x_wconf 87' lang='lat' dir='ltr'><strong>Ian.</strong></span> 
     </span>
     <span class='ocr_line' id='line_1_26' title="bbox 181 2298 1764 2362; baseline -0.001 -14"><span class='ocrx_word' id='word_1_200' title='bbox 181 2307 375 2348; x_wconf 87' lang='lat' dir='ltr'><strong>senatus</strong></span> <span class='ocrx_word' id='word_1_201' title='bbox 426 2298 557 2346; x_wconf 90' lang='lat' dir='ltr'><strong>haud</strong></span> <span class='ocrx_word' id='word_1_202' title='bbox 612 2298 890 2362; x_wconf 80' lang='lat' dir='ltr'><strong>infrequens</strong></span> <span class='ocrx_word' id='word_1_203' title='bbox 945 2299 1063 2346; x_wconf 92' lang='lat' dir='ltr'><strong>mihi</strong></span> <span class='ocrx_word' id='word_1_204' title='bbox 1120 2307 1192 2347; x_wconf 91' lang='lat' dir='ltr'><strong>est</strong></span> <span class='ocrx_word' id='word_1_205' title='bbox 1246 2299 1482 2347; x_wconf 90' lang='lat' dir='ltr'><strong>adsensus</strong></span> <span class='ocrx_word' id='word_1_206' title='bbox 1536 2315 1648 2347; x_wconf 92' lang='lat' dir='ltr'><strong>cum</strong></span> <span class='ocrx_word' id='word_1_207' title='bbox 1704 2300 1764 2348; x_wconf 95' lang='lat' dir='ltr'><strong>de</strong></span> 
     </span>
     <span class='ocr_line' id='line_1_27' title="bbox 182 2382 1764 2444; baseline 0.001 -15"><span class='ocrx_word' id='word_1_208' title='bbox 182 2382 352 2430; x_wconf 87' lang='lat' dir='ltr'><strong>ceteris</strong></span> <span class='ocrx_word' id='word_1_209' title='bbox 399 2382 542 2428; x_wconf 92' lang='lat' dir='ltr'><strong>rebus</strong></span> <span class='ocrx_word' id='word_1_210' title='bbox 589 2382 780 2443; x_wconf 91' lang='lat' dir='ltr'><strong>magnis</strong></span> <span class='ocrx_word' id='word_1_211' title='bbox 822 2390 869 2429; x_wconf 93' lang='lat' dir='ltr'><strong>et</strong></span> <span class='ocrx_word' id='word_1_212' title='bbox 916 2382 1216 2439; x_wconf 87' lang='lat' dir='ltr'><strong>necessariis,</strong></span> <span class='ocrx_word' id='word_1_213' title='bbox 1256 2389 1359 2429; x_wconf 91' lang='lat' dir='ltr'><strong>tum</strong></span> <span class='ocrx_word' id='word_1_214' title='bbox 1402 2382 1463 2429; x_wconf 93' lang='lat' dir='ltr'><strong>de</strong></span> <span class='ocrx_word' id='word_1_215' title='bbox 1505 2382 1764 2444; x_wconf 89' lang='lat' dir='ltr'><strong>provinciis</strong></span> 
     </span>
     <span class='ocr_line' id='line_1_28' title="bbox 182 2464 1765 2527; baseline -0.001 -14"><span class='ocrx_word' id='word_1_216' title='bbox 182 2466 244 2513; x_wconf 89' lang='lat' dir='ltr'><strong>ab</strong></span> <span class='ocrx_word' id='word_1_217' title='bbox 293 2465 363 2521; x_wconf 88' lang='lat' dir='ltr'><strong>iis,</strong></span> <span class='ocrx_word' id='word_1_218' title='bbox 414 2465 494 2525; x_wconf 90' lang='lat' dir='ltr'><strong>qui</strong></span> <span class='ocrx_word' id='word_1_219' title='bbox 543 2464 830 2522; x_wconf 88' lang='lat' dir='ltr'><strong>obtinerent,</strong></span> <span class='ocrx_word' id='word_1_220' title='bbox 880 2464 1142 2511; x_wconf 88' lang='lat' dir='ltr'><strong>retinendis</strong></span> <span class='ocrx_word' id='word_1_221' title='bbox 1190 2479 1350 2527; x_wconf 92' lang='lat' dir='ltr'><strong>neque</strong></span> <span class='ocrx_word' id='word_1_222' title='bbox 1398 2464 1625 2527; x_wconf 90' lang='lat' dir='ltr'><strong>cuiquam</strong></span> <span class='ocrx_word' id='word_1_223' title='bbox 1671 2471 1765 2513; x_wconf 93' lang='lat' dir='ltr'><strong>tra-</strong></span> 
     </span>
     <span class='ocr_line' id='line_1_29' title="bbox 185 2545 1763 2607; baseline -0.001 -12"><span class='ocrx_word' id='word_1_224' title='bbox 185 2546 369 2603; x_wconf 91' lang='lat' dir='ltr'><strong>dendis,</strong></span> <span class='ocrx_word' id='word_1_225' title='bbox 407 2546 497 2592; x_wconf 91' lang='lat' dir='ltr'><strong>nisi</strong></span> <span class='ocrx_word' id='word_1_226' title='bbox 534 2546 615 2607; x_wconf 92' lang='lat' dir='ltr'><strong>qui</strong></span> <span class='ocrx_word' id='word_1_227' title='bbox 653 2561 713 2592; x_wconf 85' lang='lat' dir='ltr'><strong>ex</strong></span> <span class='ocrx_word' id='word_1_228' title='bbox 750 2555 946 2594; x_wconf 86' lang='lat' dir='ltr'><strong>senatus</strong></span> <span class='ocrx_word' id='word_1_229' title='bbox 984 2546 1207 2594; x_wconf 92' lang='lat' dir='ltr'><strong>consulto</strong></span> <span class='ocrx_word' id='word_1_230' title='bbox 1246 2547 1572 2594; x_wconf 90' lang='lat' dir='ltr'><strong>successisset.</strong></span> <span class='ocrx_word' id='word_1_231' title='bbox 1648 2545 1763 2594; x_wconf 92' lang='lat' dir='ltr'><strong>Hoc</strong></span> 
     </span>
     <span class='ocr_line' id='line_1_30' title="bbox 184 2627 1765 2692; baseline 0 -16"><span class='ocrx_word' id='word_1_232' title='bbox 184 2644 277 2692; x_wconf 89' lang='lat' dir='ltr'><strong>ego</strong></span> <span class='ocrx_word' id='word_1_233' title='bbox 318 2642 430 2675; x_wconf 92' lang='lat' dir='ltr'><strong>cum</strong></span> <span class='ocrx_word' id='word_1_234' title='bbox 472 2627 539 2674; x_wconf 88' lang='lat' dir='ltr'><strong>rei</strong></span> <span class='ocrx_word' id='word_1_235' title='bbox 580 2627 802 2689; x_wconf 87' lang='lat' dir='ltr'><strong>publicae</strong></span> <span class='ocrx_word' id='word_1_236' title='bbox 845 2643 992 2676; x_wconf 89' lang='lat' dir='ltr'><strong>causa</strong></span> <span class='ocrx_word' id='word_1_237' title='bbox 1034 2629 1213 2688; x_wconf 92' lang='lat' dir='ltr'><strong>censui,</strong></span> <span class='ocrx_word' id='word_1_238' title='bbox 1254 2637 1356 2676; x_wconf 91' lang='lat' dir='ltr'><strong>tum</strong></span> <span class='ocrx_word' id='word_1_239' title='bbox 1399 2628 1673 2676; x_wconf 91' lang='lat' dir='ltr'><strong>mehercule</strong></span> <span class='ocrx_word' id='word_1_240' title='bbox 1716 2630 1765 2676; x_wconf 91' lang='lat' dir='ltr'><strong>in</strong></span> 
     </span>
     <span class='ocr_line' id='line_1_31' title="bbox 184 2709 1766 2773; baseline 0.001 -16"><span class='ocrx_word' id='word_1_241' title='bbox 184 2710 350 2773; x_wconf 90' lang='lat' dir='ltr'><strong>primis</strong></span> <span class='ocrx_word' id='word_1_242' title='bbox 400 2709 677 2757; x_wconf 91' lang='lat' dir='ltr'><strong>retinendae</strong></span> <span class='ocrx_word' id='word_1_243' title='bbox 733 2710 979 2772; x_wconf 89' lang='lat' dir='ltr'><strong>dignitatis</strong></span> <span class='ocrx_word' id='word_1_244' title='bbox 1034 2719 1172 2769; x_wconf 90' lang='lat' dir='ltr'><strong>tuae;</strong></span> <span class='ocrx_word' id='word_1_245' title='bbox 1234 2725 1382 2772; x_wconf 89' lang='lat' dir='ltr'><strong>quam</strong></span> <span class='ocrx_word' id='word_1_246' title='bbox 1438 2711 1504 2758; x_wconf 96' lang='lat' dir='ltr'><strong>ob</strong></span> <span class='ocrx_word' id='word_1_247' title='bbox 1560 2726 1661 2758; x_wconf 93' lang='lat' dir='ltr'><strong>rem</strong></span> <span class='ocrx_word' id='word_1_248' title='bbox 1719 2720 1766 2760; x_wconf 91' lang='lat' dir='ltr'><strong>te</strong></span> 
     </span>
     <span class='ocr_line' id='line_1_32' title="bbox 185 2791 1766 2854; baseline 0.001 -14"><span class='ocrx_word' id='word_1_249' title='bbox 185 2792 363 2840; x_wconf 89' lang='lat' dir='ltr'><strong>amoris</strong></span> <span class='ocrx_word' id='word_1_250' title='bbox 411 2791 562 2839; x_wconf 93' lang='lat' dir='ltr'><strong>nostri</strong></span> <span class='ocrx_word' id='word_1_251' title='bbox 611 2807 757 2839; x_wconf 88' lang='lat' dir='ltr'><strong>causa</strong></span> <span class='ocrx_word' id='word_1_252' title='bbox 806 2807 945 2854; x_wconf 90' lang='lat' dir='ltr'><strong>rogo,</strong></span> <span class='ocrx_word' id='word_1_253' title='bbox 993 2793 1061 2840; x_wconf 91' lang='lat' dir='ltr'><strong>rei</strong></span> <span class='ocrx_word' id='word_1_254' title='bbox 1117 2793 1338 2854; x_wconf 89' lang='lat' dir='ltr'><strong>publicae</strong></span> <span class='ocrx_word' id='word_1_255' title='bbox 1388 2808 1532 2841; x_wconf 91' lang='lat' dir='ltr'><strong>causa</strong></span> <span class='ocrx_word' id='word_1_256' title='bbox 1586 2793 1766 2852; x_wconf 91' lang='lat' dir='ltr'><strong>hortor,</strong></span> 
     </span>
    </p>
   </div>
  </div>
 </body>
</html>
