2040 3048
181 142 251 194 Ep.
274 153 362 196 109,
387 132 501 200 110.]
561 143 746 184 EPIST.
775 142 856 182 AD
883 142 1158 183 ATTICUM
1178 144 1297 184 XIV.
1334 148 1394 203 13
1423 146 1472 182 B.
1661 149 1760 203 225

178 282 312 336 patre
348 275 477 323 eius:
515 291 615 323 non
651 277 1003 339 contempseris
1044 277 1171 324 hanc
1210 276 1469 337 familiam;
1510 277 1760 325 honestius

176 358 302 404 enim
363 366 410 404 et
469 357 692 405 libentius
741 358 1033 420 deponimus
1092 359 1364 407 inimicitias
1412 360 1479 406 rei
1539 359 1759 422 publicae

176 439 375 487 nomine
411 446 660 502 susceptas
699 455 846 503 quarn
891 441 1240 487 contumaciae.
1315 440 1398 488 Me
1436 440 1611 489 deinde
1656 442 1759 489 sine

176 520 236 567 ad
274 520 398 570 hanc
423 522 704 584 opinionem
740 522 836 570 iam
873 537 1002 569 nunc
1037 521 1245 584 dirigere
1280 537 1486 584 puerum
1514 533 1559 571 et
1594 532 1762 572 tenero

174 602 338 650 animo
382 604 484 651 eius
523 603 816 665 persuadere
855 617 958 650 non
1000 618 1107 651 esse
1151 604 1412 652 tradendas
1449 606 1655 667 posteris
1691 607 1761 654 in-

173 685 404 734 imicitias,
477 684 793 748 Quamquam
830 692 964 732 tuam
1003 685 1263 744 fortunam,
1303 684 1492 745 Cicer0,
1527 687 1590 734 ab
1626 689 1761 735 omni

173 767 386 827 periculo
429 768 599 815 abesse
643 776 826 815 certum
866 766 1040 825 habeo,
1078 775 1241 814 tamen
1282 768 1486 815 arbitror
1530 769 1671 817 malle
1715 778 1761 816 te

172 848 381 910 quietam
425 857 723 897 senectutem
761 857 808 896 et
850 848 1171 897 honorificam
1219 850 1381 912 potius
1429 866 1573 914 agere
1612 866 1758 914 quam

172 931 438 978 sollicitam.
512 931 766 980 Postremo
791 946 903 978 meo
928 932 1029 979 iure
1065 939 1112 979 te
1144 930 1241 980 hoc
1276 932 1567 980 beneficium
1603 948 1759 996 rogo;

171 1012 288 1060 nihil
335 1013 466 1061 enim
515 1028 617 1061 non
653 1022 736 1061 tua
771 1028 917 1061 causa
953 1013 1057 1062 feci.
1134 1012 1283 1073 Quod
1320 1014 1358 1062 si
1397 1029 1500 1062 non
1537 1015 1758 1077 impetr0,

170 1110 258 1158 per
303 1111 383 1143 me
431 1094 607 1144 Clodio
647 1095 846 1143 daturus
885 1110 987 1143 non
1027 1110 1149 1154 sum,
1193 1104 1244 1144 ut
1286 1096 1550 1159 intellegas,
1593 1100 1761 1160 quanti

171 1177 302 1239 apud
347 1192 427 1226 me
476 1178 736 1226 auctoritas
782 1185 865 1226 tua
914 1178 987 1236 sit,
1027 1185 1171 1240 atque
1212 1193 1273 1226 eo
1314 1186 1361 1226 te
1401 1179 1758 1241 placabiliorem

171 1260 421 1322 praebeas.

455 1395 564 1439 110.
635 1390 730 1438 AD
767 1390 1094 1439 ATTICUM
1131 1390 1269 1441 XIV.
1311 1407 1370 1453 13
1409 1391 1465 1440 B.

612 1503 782 1536 CICERO
819 1503 1032 1537 ANTONIO
1067 1503 1163 1537 cos.
1202 1502 1240 1536 s.
1276 1503 1320 1536 D.

247 1600 287 1632 1.
325 1584 473 1643 Quon
515 1599 710 1632 mecum
751 1599 838 1646 per
876 1583 1055 1632 litteras
1098 1584 1216 1647 agis,
1259 1599 1408 1631 unam
1451 1584 1516 1632 ob
1559 1599 1758 1633 causam

123 1723 127 1727 ζ
172 1667 366 1714 mallem
392 1681 558 1714 coram
584 1666 799 1727 egisses:
837 1681 939 1714 non
969 1666 1100 1714 enim
1131 1666 1291 1713 solum
1325 1682 1385 1713 ex
1411 1667 1644 1726 oratione,
1674 1667 1760 1715 sed

174 1748 319 1796 etiam
353 1764 412 1795 ex
438 1748 567 1795 voltu
594 1755 641 1795 et
666 1748 819 1795 oculis
844 1755 891 1795 et
923 1747 1098 1805 fronte,
1123 1756 1176 1795 ut
1200 1748 1350 1806 aiunt,
1375 1763 1540 1795 meum
1574 1765 1689 1811 erga
1714 1758 1761 1798 te

175 1845 393 1878 amorem
447 1831 720 1892 perspicere
776 1830 1020 1892 potuisses
1039 1846 1052 1889 ;
1114 1845 1242 1886 nam,
1294 1845 1406 1877 cum
1462 1839 1509 1878 te
1566 1846 1761 1894 semper

175 1912 343 1970 amavi,
380 1912 591 1974 primurn
628 1919 712 1959 tuo
751 1911 924 1970 studio,
962 1920 1076 1975 post
1112 1912 1258 1959 etiam
1294 1912 1533 1960 beneficio
1583 1928 1759 1976 provo<

175 2002 323 2051 catus,
350 2001 452 2040 tum
490 1993 562 2041 his
598 1992 897 2056 temporibus
933 2009 1008 2042 res
1046 1994 1241 2057 publica
1276 2000 1323 2042 te
1359 1993 1478 2041 mihi
1514 1995 1580 2042 ita
1622 2010 1757 2043 com-

174 2075 432 2132 mendavit,
452 2083 503 2122 ut
527 2075 762 2122 cariorem
786 2074 991 2123 habeam
1011 2076 1274 2123 neminem.
1349 2092 1390 2123 2.
1418 2075 1626 2124 Litterae
1644 2093 1757 2126 vero

173 2165 283 2204 tuae
331 2172 442 2205 cum
487 2155 830 2216 amantissime,
867 2164 969 2204 tum
1018 2157 1506 2207 honorificentissime
1550 2161 1757 2222 scriptae

174 2242 241 2288 sic
277 2255 357 2287 me
394 2239 690 2297 adfecerunt,
727 2247 779 2287 ut
814 2254 916 2287 non
953 2239 1067 2288 dare
1105 2241 1188 2289 tibi
1226 2240 1519 2289 beneficium
1557 2243 1756 2303 viderer,

175 2322 260 2370 sed
285 2323 502 2384 accipere
528 2337 557 2369 a
581 2330 627 2369 te
652 2322 717 2369 ita
740 2329 949 2384 petente,
974 2331 1026 2370 ut
1051 2323 1300 2371 inimicum
1326 2339 1505 2382 meum,
1532 2340 1757 2375 necessa-

174 2405 296 2451 rium
321 2412 473 2462 tuum,
498 2419 577 2451 me
603 2404 750 2451 invito
771 2419 959 2452 servare
985 2405 1150 2463 nolles,
1189 2421 1301 2453 cum
1325 2406 1373 2453 id
1399 2406 1531 2455 nullo
1557 2411 1757 2471 negotio

174 2485 331 2533 facere
379 2500 564 2548 posseS.
637 2501 680 2547 3.
717 2486 829 2548 Ego
876 2501 989 2534 vero
1038 2486 1122 2533 tibi
1160 2487 1294 2546 istm,
1334 2488 1400 2534 mi
1442 2491 1644 2549 Antoni,
1684 2506 1754 2540 re-

174 2567 327 2624 mitto,
369 2575 510 2630 atque
547 2568 624 2626 ita,
663 2577 714 2619 ut
756 2583 836 2615 me
874 2584 902 2616 a
944 2576 1005 2626 te,
1046 2583 1157 2616 cum
1196 2569 1252 2616 iis
1293 2570 1449 2618 verbis
1496 2572 1755 2635 scripseris,

174 2649 503 2697 liberalissime
550 2657 694 2712 atque
748 2649 1233 2699 honorificentissime
1290 2660 1544 2700 tractatum
1598 2656 1756 2704 existi·

175 2743 319 2785 mern,
358 2727 502 2789 idque
541 2742 652 2776 cum
693 2715 864 2787 totum,
901 2743 1100 2793 quoquo
1142 2730 1294 2777 modo
1337 2745 1388 2777 se
1430 2747 1506 2780 res
1544 2732 1754 2795 haberet,

174 2809 255 2856 tibi
289 2808 502 2856 dandum
529 2817 762 2872 putarem,
785 2818 887 2860 tum
914 2811 978 2859 do
1004 2811 1148 2859 etiam
1172 2811 1456 2861 humanitati
1488 2823 1535 2863 et
1560 2822 1755 2873 naturae

945 2907 977 2948 Q
