2040 3048
333 109 432 174 196
781 118 843 159 M.
889 117 1085 157 TULLJJ
1125 119 1437 159 CICERONIS
1688 106 1897 182 [Pars1v.
2020 0 2040 139 l

325 242 488 290 litteris
524 242 816 290 maluissem.
889 241 1049 302 Nunc,
1075 251 1127 291 ut
1163 259 1320 307 spero,
1355 245 1487 292 brevi
1523 246 1895 308 gratulabimur3

325 325 484 386 itaque
513 324 563 371 in
599 323 725 371 aliud
762 332 953 386 tempus
989 324 1038 371 id
1073 334 1413 387 argumentum
1445 327 1676 389 epistolae
1712 328 1897 378 differo.

329 423 370 454 2.
410 405 502 452 His
539 414 699 454 autem
735 406 899 453 litteris
936 407 1150 455 animum
1187 416 1338 467 tuum,
1376 424 1523 472 quem
1564 411 1763 461 minime
1809 413 1897 460 im-

326 489 547 536 becillum
586 503 692 536 esse
734 497 782 536 et
823 489 968 537 audio
1004 498 1052 537 et
1087 504 1240 552 spero,
1279 491 1367 539 etsi
1402 507 1505 540 non
1547 494 1896 555 sapientissimi,

328 578 376 618 at
422 571 701 618 amicissimi
743 570 954 619 hominis
996 573 1276 620 auctoritate
1324 574 1709 623 confirmandum
1756 577 1900 625 etiam

327 662 471 717 atque
518 653 662 701 etiam
716 661 865 716 puto;
925 668 1016 702 nec
1063 653 1119 702 iis
1171 655 1368 717 quidem
1414 657 1583 716 verbis,
1631 658 1805 720 quibus
1852 666 1899 707 te

327 735 552 783 consoler
586 742 640 783 ut
677 734 924 783 adflictum
958 743 1006 783 et
1040 735 1134 783 iam
1170 737 1305 783 omni
1341 752 1427 800 spe
1464 738 1628 786 salutis
1662 740 1900 799 orbatum,

328 818 413 865 sed
460 826 512 865 ut
557 833 682 876 eum,
726 818 787 865 de
835 818 970 866 cuius
1016 818 1341 867 incolumitate
1387 835 1490 867 non
1536 821 1643 883 plus
1685 822 1899 870 dubitem

327 915 474 962 quam
512 908 557 946 te
597 899 796 947 memini
838 900 1054 948 dubitare
1096 900 1157 947 de
1199 916 1322 948 mea.
1393 900 1524 949 Nam
1565 918 1677 951 cum
1718 919 1797 951 me
1840 921 1900 952 ex

326 998 377 1029 re
413 981 605 1044 publica
640 981 936 1044 expulissent
971 981 1016 1040 ii,
1053 983 1135 1044 qui
1176 981 1306 1030 illam
1345 982 1518 1031 cadere
1558 999 1702 1046 posse
1745 994 1901 1034 stante

327 1079 405 1112 me
442 1078 542 1111 non
579 1071 817 1126 putarant,
853 1063 1051 1111 memini
1092 1078 1172 1111 me
1207 1079 1267 1111 ex
1302 1065 1463 1112 multis
1498 1065 1782 1129 hospitibuS,
1819 1069 1902 1131 qui

327 1145 390 1193 ad
435 1161 514 1192 me
555 1160 617 1192 ex
652 1145 781 1203 Asia,
819 1145 868 1192 in
904 1159 1001 1207 qua
1034 1153 1087 1193 tu
1122 1161 1243 1205 eras,
1279 1154 1523 1206 venerant,
1560 1148 1722 1197 audire
1758 1157 1804 1197 te
1841 1151 1901 1197 de

328 1227 541 1290 glorioso
579 1234 627 1274 et
655 1226 795 1275 celeri
822 1227 977 1275 reditu
1010 1242 1122 1276 meo
1159 1228 1459 1277 confirmare.
1531 1245 1576 1292 3.
1616 1229 1666 1278 Si
1700 1239 1747 1279 te
1782 1232 1902 1279 ratio

329 1310 569 1373 quaedam
613 1309 734 1356 mira
781 1309 975 1357 Tuscae
1017 1310 1311 1373 disciplinae,
1353 1326 1500 1374 quam
1546 1327 1576 1360 a
1621 1320 1770 1375 patre,
1813 1329 1902 1362 no-

328 1391 561 1439 bilissimo
606 1399 748 1454 atque
789 1391 976 1453 optimo
1017 1392 1132 1450 viro,
1170 1407 1440 1455 acceperaS‚
1481 1409 1582 1442 non
1623 1394 1799 1453 fefellit,
1839 1412 1902 1444 ne

330 1489 420 1521 nos
467 1472 660 1535 quidem
703 1480 866 1520 nostra
904 1473 1133 1521 divinatio
1174 1474 1313 1528 fallet,
1356 1490 1504 1538 quam
1551 1491 1663 1524 cum
1711 1479 1901 1541 sapien-

331 1556 623 1604 tissimorum
661 1555 871 1602 virorum
918 1557 1246 1604 monumentis
1292 1565 1436 1619 atque
1483 1561 1752 1622 praeceptis
1798 1561 1902 1624 plu·

330 1638 562 1699 rimoque‚
595 1644 648 1684 ut
683 1644 734 1684 tu
770 1637 875 1696 scis,
912 1636 1158 1685 doctrinae
1194 1638 1367 1696 studio,
1401 1646 1504 1686 tum
1539 1656 1720 1703 magno
1758 1643 1901 1691 etiam

328 1734 419 1767 usu
457 1719 734 1766 tractandae
771 1719 839 1766 rei
880 1719 1099 1782 publicae
1140 1735 1413 1784 magnaque
1460 1730 1735 1771 nostrorum
1782 1733 1901 1772 tem-

328 1817 502 1866 porum
539 1801 760 1849 varietate
800 1802 1049 1849 consecuti
1091 1817 1286 1862 sumus;
1349 1820 1393 1864 4.
1431 1805 1507 1853 cui
1546 1807 1743 1868 quidem
1785 1808 1899 1855 divi-

330 1884 514 1931 nationi
551 1883 646 1930 hoc
684 1883 792 1946 plus
833 1883 1135 1943 confidimus,
1175 1885 1309 1947 quod
1350 1901 1409 1934 ea
1450 1901 1541 1935 nos
1579 1888 1696 1935 nihil
1737 1889 1786 1936 in
1828 1889 1901 1938 his

327 1974 427 2013 tam
459 1965 677 2012 obscuris
709 1965 851 2012 rebus
885 1973 1079 2028 tamque
1112 1967 1397 2030 perturbatis
1431 1983 1663 2032 umquam
1698 1972 1900 2020 omnino

331 2048 503 2096 fefellit.
575 2046 816 2106 Dicerem,
851 2062 975 2110 quae
1016 2056 1127 2096 ante
1163 2048 1320 2097 futura
1355 2051 1596 2111 dixissem,
1634 2054 1682 2100 ni
1718 2070 1903 2103 vererer

330 2147 391 2179 ne
426 2145 486 2179 ex
534 2129 714 2178 eventis
749 2129 932 2191 fingere
967 2130 1176 2190 viderer;
1231 2131 1318 2179 sed
1357 2141 1519 2181 tamen
1558 2135 1750 2196 plurimi
1792 2145 1902 2184 sunt

330 2220 475 2260 testes
526 2226 606 2258 me
653 2218 699 2258 et
750 2210 900 2268 initio,
949 2226 1011 2258 ne
1059 2212 1374 2275 coniungeret
1420 2230 1471 2262 se
1518 2231 1629 2264 cum
1677 2216 1899 2277 Caesare,

330 2294 577 2342 monuisse
613 2291 914 2354 Pompeium,
950 2300 996 2340 et
1030 2301 1214 2355 postea,
1248 2310 1310 2342 ne
1348 2311 1399 2344 se
1435 2297 1737 2360 diiungeret:
1783 2316 1901 2348 con-

330 2376 576 2425 iunctione
617 2374 772 2436 frangi
818 2381 1011 2423 senatus
1053 2391 1188 2438 opes,
1219 2377 1514 2427 diiunctione
1553 2382 1687 2430 civile
1722 2384 1902 2432 bellum

331 2459 524 2507 excitari
560 2457 795 2504 videbam.
865 2457 1027 2519 Atque
1067 2460 1234 2506 utebar
1273 2460 1636 2511 familiarissime
1679 2463 1900 2526 Caesare,

332 2540 620 2602 Pompeium
656 2539 889 2586 faciebam
927 2539 1142 2601 plurimi:
1193 2542 1279 2589 sed
1314 2551 1414 2590 erat
1448 2559 1612 2592 meum
1648 2548 1901 2595 consilium

332 2638 443 2670 cum
491 2621 630 2668 fidele
677 2620 929 2683 Pompeio,
977 2629 1078 2668 tum
1132 2622 1336 2671 salutare
1391 2626 1589 2688 utrique.
1679 2640 1723 2688 5.
1761 2628 1902 2687 Quae

332 2712 578 2768 praeterea
612 2703 913 2765 providerim,
940 2712 1216 2765 praetereo,
1255 2706 1370 2754 nolo
1407 2708 1535 2755 enim
1571 2709 1698 2758 hunc
1731 2711 1791 2759 de
1823 2728 1901 2760 me

332 2787 515 2850 optime
562 2786 785 2834 meritum
832 2786 1102 2834 existimare
1155 2802 1212 2836 ea
1259 2803 1337 2836 me
1389 2790 1594 2840 suasisse
1650 2791 1899 2856 PompeiO‚

2033 723 2040 774 -—
2034 706 2040 712 .
2034 691 2040 695 .
2026 410 2040 671 ,·—‘.nm-.·—-
2036 359 2040 361 .

2031 912 2040 1099 -.ι.-ι.--ῥ.ιΔ
2035 858 2040 870 .,

2035 1412 2040 1422 -
2032 1359 2040 1398 ..ιΔ
2032 1278 2040 1341 m.
2031 1199 2040 1268 nur..
