2040 3048
127 113 196 165 Ep,
220 118 256 161 7,
281 99 345 167 8,]
513 105 695 167 EPIST.
730 105 812 144 AD
850 103 1128 144 ATTmUM
1162 105 1198 142 z.
1234 92 1313 144 16.
1639 105 1699 162 15

126 242 198 290 sui
247 238 450 289 similem
497 237 547 285 in
594 236 949 299 magistratibus
988 244 1172 299 praeter
1212 234 1403 283 Fufium
1442 235 1700 283 neminem.

128 324 277 372 Bonis
314 322 490 370 utimur
533 320 733 368 tribunis
776 318 855 382 pl„
894 317 1110 366 Cornuto
1158 333 1271 367 vero
1320 318 1704 366 Pseudocatone.

131 418 173 468 7.
223 404 355 464 Quid
402 402 623 466 quaeris?
673 400 816 449 Nunc
866 408 916 447 ut
958 400 1020 448 ad
1061 401 1243 463 privata
1284 400 1493 460 redeam,
1535 406 1708 462 Tsfaqm-

128 487 366 551 promissa
413 485 623 548 patravit.
696 484 776 531 Tu
823 483 1054 530 mandata
1101 483 1250 542 effice,
1296 498 1421 545 quae
1469 484 1706 546 recepisti.

130 571 193 629 Q.
214 569 369 626 frater,
389 567 469 630 qui
499 566 759 629 Argiletani
783 564 985 613 aedificii
1015 565 1250 627 reliquum
1282 565 1568 613 dodrantem
1595 566 1709 613 emit

129 651 232 700 HS.
276 665 486 708 nccxxv„
527 647 860 697 Tusculanum
910 648 1135 706 venditat,
1177 656 1242 706 ut,
1286 649 1324 696 si
1372 648 1538 710 possit,
1582 656 1710 696 emat

130 733 420 782 Pacilianam
447 732 661 780 domum.
722 728 848 778 Cum
875 729 1084 778 Lucceio
1112 731 1162 777 in
1187 730 1389 793 gratiam
1415 729 1543 777 redi:
1570 730 1709 778 video

130 817 379 865 hominem
421 813 558 861 valde
600 813 854 876 petiturire.
927 812 1132 860 Navabo
1176 828 1389 875 operam.
1463 812 1557 872 Tu,
1596 813 1710 876 quid

131 912 261 960 agas,
301 897 383 944 ubi
431 897 509 955 siS‚
549 896 684 944 cuius
731 894 866 943 modi
912 896 1031 943 istae
1073 911 1148 943 res
1190 895 1297 955 sint,
1336 895 1411 943 fac
1449 911 1526 943 me
1563 910 1707 958 quam

131 979 492 1044 diligentissime
518 979 783 1027 certiorem.
858 977 1027 1026 Idibus
1054 977 1192 1026 Febr.

533 1166 577 1211 8.
651 1162 746 1210 AD
785 1160 1107 1211 ATTICUM
1143 1162 1180 1208 Ι.
1226 1163 1297 1212 16.

391 1262 501 1311 Son.
543 1261 725 1311 ROMAE
763 1261 936 1309 MENSE
971 1260 1112 1309 ΜΑῙο
1149 1276 1288 1310 A.U.C.
1328 1262 1440 1324 693.

666 1381 836 1414 CICERO
874 1380 1052 1414 ATTICO
1088 1380 1189 1415 SAL.

210 1485 248 1518 1.
287 1467 514 1527 QUAE-ms
542 1482 603 1514 ex
635 1481 728 1524 me,
755 1464 871 1528 quid
895 1465 1122 1514 acciderit
1146 1466 1206 1515 de
1231 1467 1423 1526 iudicio,
1449 1469 1584 1530 quod
1617 1476 1715 1516 tam

137 1558 324 1615 praeter
353 1549 638 1612 opinionem
670 1547 891 1595 omnium
919 1546 1100 1595 factum
1128 1548 1201 1607 sit,
1234 1557 1280 1596 et
1313 1549 1455 1597 simul
1478 1551 1549 1598 vis
1579 1552 1714 1610 scire,

136 1647 233 1695 quo
268 1631 420 1679 modo
452 1645 547 1692 ego
580 1631 752 1688 minuS,
779 1644 927 1692 quam
957 1629 1155 1688 soleam,
1180 1630 1439 1693 proeliatus
1477 1632 1595 1680 sim:
1644 1648 1716 1680 re-

136 1713 394 1777 spondebo
420 1712 504 1760 tibi
527 1711 710 1773 ὕστερον
733 1715 940 1773 πρότερον
961 1712 1207 1773 Ὀμηρικῶς,
1266 1712 1378 1775 Ego
1403 1715 1548 1773 enim,
1569 1730 1716 1778 quam

138 1797 218 1843 diu
245 1803 438 1843 senatus
472 1794 729 1842 auctoritas
767 1793 884 1840 mihi
911 1793 1218 1842 defendenda
1243 1794 1341 1854 fuit,
1370 1796 1439 1843 sic
1474 1797 1646 1844 acriter
1671 1807 1719 1846 et

138 1877 446 1926 vehementer
509 1876 771 1938 proeliatus
838 1891 962 1933 sum,
1011 1884 1063 1924 ut
1120 1876 1304 1925 clamor
1355 1893 1718 1943 concursusque

138 1959 352 2007 maxima
389 1973 501 2006 cum
535 1973 646 2006 mea
681 1957 822 2006 laude
864 1958 1063 2008 fierent:
1113 1960 1248 2022 quod
1284 1961 1322 2008 si
1361 1961 1445 2008 tibi
1486 1976 1720 2024 umquam

140 2057 248 2090 sum
290 2040 420 2088 visus
458 2040 508 2086 in
545 2055 596 2087 re
643 2040 837 2102 publica
878 2040 1027 2099 fortis,
1071 2049 1198 2089 certe
1240 2057 1319 2090 me
1366 2043 1416 2089 in
1458 2042 1536 2091 illa
1574 2059 1721 2092 causa

141 2123 404 2173 admiratus
430 2137 594 2181 esses;
641 2137 753 2170 cum
779 2122 909 2170 enim
933 2122 1010 2170 ille
1039 2123 1101 2170 ad
1135 2124 1389 2172 contiones
1422 2125 1722 2188 confugisset

142 2207 192 2253 in
212 2206 366 2268 iisque
391 2218 505 2252 meo
530 2204 730 2252 nomine
755 2205 816 2252 ad
835 2205 1064 2252 invidiam
1083 2213 1309 2264 uteretur,
1330 2207 1378 2254 di
1396 2208 1720 2258 immortales!

143 2302 266 2350 quas
291 2302 385 2349 ego
412 2301 604 2349 pugnas
624 2294 671 2334 et
699 2295 902 2348 quantas
936 2295 1120 2350 strages
1151 2289 1308 2336 edidi!
1358 2305 1484 2352 quos
1514 2291 1723 2354 impetus

144 2370 194 2416 in
234 2368 480 2426 Pisonem,
514 2368 564 2416 in
593 2366 871 2426 Curionem,
916 2369 966 2416 in
1007 2377 1162 2417 totam
1190 2371 1322 2418 illam
1361 2386 1562 2421 manum
1604 2374 1722 2423 feci!

146 2464 246 2514 quo
294 2449 446 2496 modo
495 2465 604 2498 sum
651 2451 911 2499 insectatus
953 2452 1195 2500 levitatem
1247 2468 1434 2513 senum,
1477 2455 1726 2506 libidinem

149 2532 429 2580 iuventutis!
468 2546 629 2595 saepe,
665 2533 730 2580 ita
765 2549 844 2580 me
881 2534 930 2582 di
967 2535 1158 2583 iuvent!
1199 2544 1246 2583 te
1282 2551 1382 2584 non
1419 2538 1577 2586 solum
1613 2555 1726 2589 auc-

151 2621 306 2661 torem
353 2614 663 2662 consiliorum
712 2630 947 2675 meorum,
996 2633 1159 2665 verum
1209 2619 1354 2666 etiam
1404 2628 1726 2683 spectatorem

151 2709 423 2758 pugnarum
446 2696 754 2745 mirificarum
779 2698 1059 2747 desideravi.
1152 2717 1193 2747 2.
1232 2700 1409 2749 Postea
1436 2718 1549 2751 vero
1580 2720 1727 2768 quam

155 2776 448 2824 Hortensius
505 2779 807 2841 excogitavit,
861 2788 912 2828 ut
963 2781 1122 2844 legem
1165 2783 1225 2831 de
1282 2784 1514 2847 religione
1566 2786 1729 2835 Fufius
